2606 4748
138 341 142 352 ,
197 207 200 214 ’
276 263 345 337 aaa
587 253 692 332 naus
716 187 1019 334 coactatus

275 432 314 506 in
330 429 478 520 iisdem.
504 411 636 526 ortibus,
652 437 840 520 homines,
869 425 1055 510 versentur
1081 430 1227 506 aedibus.
1270 419 1290 544 ll

274 551 389 617 ver0‚
429 531 487 622 qui
514 532 650 624 pastum
675 533 936 625 subministrat,
968 533 1018 607 ita
1043 531 1243 629 adbaerent,
1276 547 1290 616 u

275 625 395 700 edulia
417 627 461 701 de
483 649 591 704 uranu
608 633 687 724 ejus
701 633 890 722 recipiant.
938 629 1047 706 Fame
1070 627 1182 702 etiam
1202 623 1290 719 presa

275 724 358 796 dum
383 747 464 798 curn
490 727 719 802 accedentem
746 727 895 817 vident,
930 727 1148 814 adcurrunt,
1177 723 1290 890 quem}

273 843 371 894 voce
395 821 608 916 salutantes,
636 839 744 919 atque
761 825 891 911 abeo,
913 839 954 902 ut
969 824 1146 917 porcelli,
1175 821 1262 894 allici
1289 843 1290 912 r

273 919 402 996 linunt.
456 920 674 996 Tratiantur
703 943 796 996 vero
827 921 992 996 manibus
1012 921 1203 1007 innocue,
1238 932 1290 1016 cua

273 1037 392 1112 neque
408 1020 608 1114 unguibus,
634 1042 752 1114 neque
770 1018 938 1094 dentibus
954 1018 1122 1092 homines
1142 1014 1290 1108 infestent

358 1227 483 1298 Sonus:
532 1225 615 1299 Mas
636 1224 801 1300 Cincium
828 1225 930 1322 gravi
953 1245 1050 1322 voce
1075 1222 1251 1310 imitatur,
1273 1215 1290 1292 d

273 1321 335 1394 ille
352 1321 457 1398 facile
475 1343 494 1394 a
514 1321 648 1399 semina
669 1323 910 1420 dignoscitur,
934 1323 994 1416 qui
1011 1321 1199 1395 stridulum
1216 1317 1290 1412 magii

266 1418 400 1506 'sonum
425 1419 573 1520 profert.
614 1421 674 1500 ..Et
700 1419 844 1515 quando
870 1442 947 1494 eam
968 1419 1137 1514 pruriens
1157 1417 1290 1504 sesiaml

275 1515 483 1590 divaricatis
504 1518 756 1596 fremebundus
779 1518 915 1591 incedit
939 1519 1114 1592 cruribus.
1170 1514 1290 1586 Caetcro

276 1615 363 1706 quin
389 1615 524 1706 semper
545 1614 715 1707 loquaces
741 1618 940 1705 blaterant,
976 1628 1018 1687 ut
1040 1633 1222 1706 nunquam
1245 1609 1290 1681 ser

275 1712 534 1798 conticescant,
555 1713 617 1788 nisr
636 1712 892 1806 superveniens
908 1709 1051 1788 somnus
1067 1709 1239 1784 silentium
1248 1707 1290 1781 in

274 1811 445 1904 posuerit.
496 1807 688 1901 Famelici‚
715 1826 779 1884 aut
797 1833 818 1883 a
837 1810 1023 1902 ministro,
1050 1810 1219 1881 alimenta
1234 1809 1290 1904 prul

272 1910 404 1997 beate,
431 1905 568 1997 alictii,
593 1907 627 1981 se
651 1909 858 2002 proripiunt
871 1911 991 1999 ultro,
1025 1905 1212 2002 &gallica
1227 1913 1290 1990 votl

273 2013 348 2094 oui,
373 2027 477 2098 quarn
493 2003 655 2104 distintie
672 2006 754 2079 satis
770 2007 1029 2100 pronuntiant,
1054 1985 1290 2097 praesentiamd

274 2103 485 2178 desrderium
511 2099 608 2176 suum
631 2104 807 2176 indicant.
867 2103 904 2175 Si
931 2102 1076 2196 quando
1106 2097 1290 2194 gratioribus

275 2226 339 2278 eos
364 2200 458 2274 vesci
486 2199 665 2274 alimentis
688 2200 840 2290 accidit,
866 2203 1095 2302 voluptatem
1118 2197 1211 2272 suam
1236 2211 1290 2287 proi

274 2301 365 2377 dunt
385 2313 486 2370 certo
505 2294 617 2389 sonu,
642 2297 784 2371 diverso
800 2299 844 2370 ab
863 2298 950 2388 illo,
975 2319 1081 2390 quem
1100 2297 1188 2368 alias
1205 2287 1290 2388 pros⁴

272 2412 377 2485 runt;
402 2395 462 2468 hic
484 2397 581 2470 enirn
602 2417 733 2469 vocem
753 2395 893 2490 gallinae
914 2394 1108 2490 glocientis
1131 2401 1290 2478 utcumque

272 2493 455 2590 exprimit.
505 2493 653 2567 Femina
686 2507 727 2565 ut
756 2493 947 2584 plurimum
975 2490 1182 2586 precedere
1211 2487 1290 2568 solet,

273 2606 443 2685 tanquam
464 2591 595 2685 gallina
619 2611 773 2679 canens,
808 2612 913 2682 quam
935 2611 1011 2662 mas
1034 2590 1227 2662 comitator
1243 2581 1290 2654 ste

239 2753 240 2757 ,
274 2711 408 2792 quens,
440 2688 591 2780 pedibus
620 2687 881 2781 posterioribus
909 2685 1105 2766 subsultans
1138 2684 1290 2758 &claret

272 2808 373 2863 nunc
388 2787 477 2874 huc,
509 2807 606 2860 nunc
622 2786 728 2875 illuc,
755 2786 799 2858 ad
815 2784 954 2859 einaedi.
967 2783 1075 2876 instar
1093 2782 1245 2866 versans,
1267 2779 1290 2848 ul

270 2885 431 2977 reliquos
447 2905 571 2968 mores
582 2896 734 2971 taceam,
759 2904 849 2977 quos
867 2880 1008 2955 infinita
1025 2881 1228 2955 attentione
1244 2885 1290 2946 tul

272 3005 414 3058 mecum
432 2979 641 3054 observavit
659 2978 808 3054 Doslill.
830 2979 941 3053 Dom.
959 2977 1004 3051 E.
1023 2977 1232 3052 Ecrcorn.
1289 2983 1290 3068 ἦ

373 3173 484 3270 Usus:
533 3173 775 3268 Excipiuntur
798 3174 842 3246 ab
858 3125 1048 3267 Europaeis
1064 3171 1185 3266 passirn
1204 3123 1290 3253 bospii

143 3247 144 3252 Ἰ
272 3273 329 3347 tio
344 3273 421 3346 haec
445 3271 632 3361 animalia,
658 3283 698 3343 ut
714 3270 874 3365 jucundo
898 3269 1125 3364 spectaculo,
1157 3249 1290 3360 quodid

270 3372 410 3447 litando
429 3391 470 3442 ac
488 3368 689 3442 cursitando
704 3371 886 3463 praebent,
909 3369 977 3438 otii
993 3367 1098 3439 taedia
1112 3367 1251 3447 fallant,
1268 3371 1290 3438 o}

271 3471 447 3566 culosque
470 3465 609 3539 domini
633 3465 964 3560 gesticulationibus
981 3463 1049 3537 suis
1070 3461 1201 3556 lepidis
1220 3453 1290 3529 oble«

273 3567 381 3642 slent.
435 3561 501 3636 Ast
523 3585 600 3636 non
627 3564 693 3637 bac
715 3563 825 3636 solum
849 3562 1041 3654 voluptate
1064 3559 1233 3634 adficiunt
1248 3553 1290 3630 hil

271 3664 380 3758 spites
396 3662 489 3736 suos.
520 3661 594 3757 Qui
612 3659 708 3734 enim
723 3663 849 3734 horum
868 3659 1002 3732 multos
1018 3660 1133 3744 alunt,
1153 3651 1290 3734 nattam

272 3763 382 3856 atquc
400 3760 528 3833 eodem
549 3757 684 3848 modo,
710 3778 783 3852 quo
808 3775 942 3850 porcos
967 3755 1085 3829 solent
1102 3743 1290 3858 mulierculd

271 3860 428 3952 nostre,
449 3855 533 3951 pilia
553 3854 733 3959 nudatos,
764 3852 885 3937 artant.
936 3852 996 3928 Sic
1016 3853 1115 3930 enim
1135 3860 1290 4015 paratz&

846 4067 854 4130 l
