2678 4756
271 255 536 336 PHALAENA
550 257 782 339 sosissvxs.
977 267 1055 356 561,

78 415 412 522 Primumsadium
428 447 473 520 ab
491 465 590 536 ovo,
616 389 720 521 dorst
735 467 801 541 per
821 403 953 542 septem
970 389 1047 523 dies

14 545 27 616 i
52 543 332 638 depofitionem
354 543 466 618 vestis
491 543 616 632 susce,
645 565 718 638 quo
743 545 877 638 primos
893 545 1047 624 somnus

14 639 197 812 iigerdzffe
230 639 388 736 dicitur,
418 655 506 716 tunc
538 641 678 718 duobus
701 641 891 738 postremis
919 643 1047 720 diebus

14 759 86 810 rxe
114 761 155 816 r.
238 794 243 807 .
644 775 646 779 ·

84 859 278 930 Secundino
304 857 511 930 riumerstrrr
538 854 687 948 spatium
710 857 889 951 temporis
915 858 1048 934 abhinc

14 951 74 1026 tto
92 953 266 1041 dierum,
291 954 373 1026 dum
388 953 775 1050 vestimenteinduens
792 957 893 1048 elba,
918 957 1049 1036 iterum

14 1049 93 1122 dere
111 1051 276 1141 definit,
302 1047 365 1124 sub
381 1049 508 1157 somno
524 1049 681 1126 secundo
700 1051 747 1126 sc.
760 1053 858 1128 Albo.

82 1181 151 1283 Pro
180 1181 296 1256 Tertio
317 1181 493 1258 habentur
509 1177 593 1256 otio
616 1181 668 1256 iili
684 1181 760 1256 dies
779 1205 796 1256 s
816 1181 1055 1278 precedenti·v

14 1299 79 1370 rus,
115 1279 208 1354 dum
236 1279 364 1352 iterum
396 1283 502 1354 tertis
530 1278 615 1353 vice
647 1299 748 1353 nova
770 1293 919 1355 ornatur
948 1297 1047 1372 cute,

14 1375 224 1466 [uodsertio
244 1375 664 1474 somnoDesquamstiones
681 1377 1009 1498 comprehenditur.
1043 1443 1046 1452 .
1184 1418 1189 1430 ·
1244 1399 1254 1412 ·

87 1511 261 1612 Quartino
277 1509 467 1586 absolvunt
484 1510 560 1584 dies
581 1509 665 1584 osio
684 1508 892 1604 sequentes,
917 1510 1054 1604 quibus
1194 1551 1198 1558 ·

14 1606 122 1680 eraso
139 1608 311 1682 ultimum
328 1609 467 1682 corium
483 1607 693 1702 deponunt,
724 1605 785 1684 sub
803 1605 931 1684 somno
949 1607 1053 1684 ditio.
1146 1661 1151 1672 ·
1278 1609 1289 1634 ⁰

14 1719 122 1794 lusrto
143 1705 405 1780 Escsriationis.
522 1739 532 1752 ·

89 1834 225 1938 'Quinto
242 1831 358 1908 stadio
369 1835 497 1910 iterum
508 1835 621 1908 edere
634 1836 851 1911 continuant
866 1839 932 1932 per
942 1835 1048 1932 septi·

14 1927 125 2022 ioum,
157 1931 345 2006 abstinent
375 1932 458 2006 dein
487 1933 532 2006 sb
555 1934 655 2008 omni
683 1933 768 2008 cibo
792 1932 826 2004 it
846 1955 933 2010 nere
955 1935 1047 2012 inci·

14 2029 112 2117 pient.
863 2087 870 2130 ,

88 2147 177 2230 Hoc
194 2147 357 2244 quinque
377 2143 486 2220 stadie
504 2145 597 2220 inter
616 2157 771 2236 quatuor
794 2143 961 2237 somnos,
986 2147 1046 2240 iis,

14 2243 64 2334 qni
81 2243 290 2340 Bombytes
311 2245 459 2334 colunt,
484 2243 613 2338 regulo
639 2239 747 2315 instar
772 2259 899 2332 erunt,
923 2241 1047 2320 secun·
1105 2259 1107 2266 “

14 2340 83 2413 dum
106 2365 214 2436 quarn
245 2343 414 2438 pabulum
441 2341 510 2414 illis
535 2337 732 2436 porrigant.
790 2341 904 2416 Primo
931 2339 1071 2414 stadio*

15 2435 192 2529 aliquoties
221 2438 267 2513 de
293 2439 351 2512 die
370 2438 440 2512 illis
464 2435 633 2510 tradenda
655 2434 736 2512 sunt
753 2435 852 2510 folia.
903 2441 1047 2514 Secundo

17 2531 134 2628 semper
160 2537 242 2628 bis,
267 2557 372 2610 mane
397 2535 430 2608 ἀ
451 2534 600 2632 vesperi.
666 2535 773 2608 Tertio
794 2534 837 2607 sd
859 2535 1046 2612 minimum

17 2639 61 2700 ter
81 2631 121 2706 de
146 2633 207 2708 die
232 2647 411 2727 appetunt
431 2632 591 2708 recentia
609 2629 709 2703 foiis.
797 2647 889 2706 osrtr
910 2632 1046 2728 pluries

17 2726 123 2802 dedis
144 2751 249 2806 nova
267 2729 491 2824 exissemus,
521 2741 593 2800 tem
613 2727 708 2800 enirn
727 2749 785 2800 svr
812 2729 980 2820 eediint‚
1002 2745 1047 2804 ut

17 2820 160 2904 dentium
187 2828 351 2922 crepitus
375 2825 549 2900 audiatur.
610 2821 732 2926 Quinto
756 2823 871 2898 stadio
897 2825 1056 2901 minime·

19 2919 132 2998 esurite
152 2926 312 3012 debent,
346 2923 518 3016 quoniam
551 2919 634 2995 inde
663 2920 780 2996 minus
805 2934 906 2995 nent.
971 2923 1044 2998 Sub

17 3011 238 3098 somnonulls
251 3021 340 3096 folio
355 3019 563 3109 afferantur,
590 3016 648 3092 sed
661 3018 697 3091 in
711 3017 832 3111 quiete
841 3019 1045 3112 relinquan-

20 3119 84 3202 tur;
110 3119 265 3213 ideoque
284 3116 422 3194 necesse
437 3116 502 3206 est,
521 3131 563 3188 ut
580 3115 789 3190 Lsrvaeirrrt
805 3129 909 3190 etate
929 3139 1055 3210 equs.

19 3207 82 3300 ies,
106 3237 171 3290 nec
190 3218 270 3294 siis
287 3215 506 3300 teneriores,
530 3213 608 3286 siis
625 3211 822 3286 adultiores
839 3213 938 3288 srmul
954 3216 1044 3290 mix·

21 3313 77 3394 te,
97 3311 151 3386 sed
171 3315 208 3388 in
234 3311 406 3388 distineris
422 3309 573 3386 vasculis
592 3307 790 3397 atervam
817 3307 966 3384 minime
984 3333 1044 3386 su·

20 3411 80 3474 terr
100 3425 248 3496 oportet
272 3425 410 3488 mutere
435 3405 517 3480 vasa
534 3404 595 3484 sub
617 3405 744 3480 somno
766 3427 908 3496 esrum,
936 3429 1045 3502 quum

23 3491 73 3570 sub
94 3501 160 3580 hoc
180 3507 261 3580 aiio
285 3503 460 3597 inquiete
483 3505 613 3597 degant
636 3499 773 3576 necesse
791 3501 855 3592 srt;
884 3520 1044 3583 ceterum

23 3594 284 3689 observandum,
308 3617 350 3676 ut
364 3599 535 3676 sufficiens
555 3601 689 3692 {emper
704 3599 774 3688 iilis
792 3599 894 3674 iocus
913 3623 1056 3678 conce:

25 3687 129 3787 datur,
165 3695 285 3798 plures
312 3698 407 3774 enim
432 3697 457 3772 ss
481 3695 575 3770 artie
601 3711 885 3788 coacerventur²
919 3699 1055 3794 sepius.

26 3805 199 3887 egrotant,
223 3797 408 3872 &morbis
425 3791 641 3890 contagiosis
660 3791 890 3888 inficiuntur,
912 3799 1045 3890 quibus
1157 3819 1165 3832 ’

28 3879 116 3960 facile
127 3893 269 3986 'plurimi
287 3907 449 3992 pereunt.
631 3993 638 4006 x
795 3945 799 3950 ·
1029 3965 1041 3992 .

71 3999 150 4120 Tm,
164 4009 229 4088 IV.
475 4115 482 4122 Ι
576 4000 614 4076 Ν
626 4023 653 4118 o
861 4073 874 4110 ,Ι
975 4003 1046 4084 sub
