2606 4748
308 185 418 266 atus
440 135 743 266 Portemus.
977 211 1050 288 ιο,

51 379 131 464 drot,
150 369 256 446 itaut
275 389 371 446 unus
397 367 545 444 alteriue
567 367 731 464 vestigiis
754 363 898 446 iniisstt.
946 363 1055 446 Non·

57 492 210 564 mquam,
233 467 315 546 dum
332 466 427 542 fane
443 479 654 562 premuntur
672 487 791 560 neque
810 465 963 561 strepitu
981 479 1052 542 ter·

59 585 159 658 murt,
179 569 213 642 in
229 565 338 664 pedes
353 563 574 660 posteriores
585 561 626 640 se
639 563 806 662 erigunt,
832 563 962 657 quibus
975 575 1056 642 tau·

60 671 129 762 iqer
150 663 364 752 inistentes,
405 661 476 736 huc
506 661 592 736 illuc
620 675 732 756 caput
758 660 1054 758 circumducunt,

57 765 178 859 inciter
199 762 394 836 odorantes
411 759 445 832 dt
463 759 694 856 indagantes,
718 779 792 852 quo
812 755 949 834 cursum
972 760 1056 836 diri·

53 877 123 958 gart,
148 873 186 936 ut
208 859 375 934 alimenta
403 855 605 932 inveniant
656 855 768 958 Quod
791 855 817 932 ii
839 855 951 970 frigus
971 857 1060 934 iltoa

52 974 118 1048 unt,
145 958 270 1032 cursum
287 955 386 1030 ultro
402 953 569 1047 citroque
585 953 801 1054 intendunt,
829 968 873 1030 ut
886 955 1056 1036 rnteusro·

46 1056 233 1130 riexercitio
250 1053 410 1170 calorem
429 1051 493 1131 fibi
513 1051 726 1130 concilient
1170 1048 1175 1067 ⁸

113 1265 270 1343 Ceterum
294 1264 332 1342 in
357 1263 430 1338 hoc
453 1263 530 1340 fere
552 1263 663 1342 unice
680 1285 768 1342 cura
790 1283 917 1342 eorum
937 1262 1054 1346 vau·

45 1380 100 1452 nn,
126 1379 163 1438 ut
180 1363 288 1440 semet
303 1373 440 1452 ornent
452 1375 681 1458 canantque.
729 1361 843 1438 Pedes
865 1363 988 1460 lingue
1008 1363 1060 1442 it·

46 1461 136 1534 brisve
161 1461 406 1550 contre-dant,
433 1460 567 1534 leviter
586 1461 796 1556 morfitant,
821 1461 986 1538 lambunt
1006 1475 1058 1540 at·

49 1561 247 1648 occinunt,
269 1559 366 1653 pilos
390 1556 561 1632 ordinant
582 1558 822 1653 peduntqu03
850 1557 1059 1636 admodum

47 1654 133 1731 idium
153 1657 278 1730 faciem
298 1653 497 1750 perfricant
514 1654 606 1750 pede
620 1677 712 1748 uno,
731 1657 792 1730 vel
804 1653 901 1744 binia
913 1670 955 1732 ut
970 1655 1059 1732 sciu-

44 1755 259 1926 initii&
284 1749 1067 1947 drittfttt,it²¹¹it?it32art‘t

686 1903 699 1945 2

45 1952 247 2024 anterioribus
269 1945 601 2042 &posterioribus3
628 1963 740 2043 prout
756 1947 892 2025 scilicet
908 1950 1060 2044 requirit

48 2049 172 2138 eorporis
190 2049 275 2122 srtus
290 2061 397 2140 atque
419 2045 571 2120 occatio.
623 2045 831 2140 Aliquando
850 2046 1060 2124 seinvicem

51 2161 156 2220 nonunt
180 2143 215 2218 dc
241 2144 400 2240 petiunt.
453 2142 555 2236 Saepe
579 2143 752 2218 alteruter
770 2146 926 2224 uterum
953 2145 1060 2238 hujus

54 2237 119 2314 tuni
153 2239 462 2330 commonefacit,
502 2239 707 2334 &quidem
738 2239 899 2338 sequenti
929 2243 1059 2317 modo:
1152 2327 1156 2343 ¹

51 2331 153 2414 imina
170 2339 392 2434 primoribus
414 2335 543 2414 bl'ande
559 2337 671 2426 labris
688 2353 852 2434 pererrat
871 2339 968 2434 pilos
986 2361 1061 2416 ma·

47 2429 116 2526 seui,
148 2437 256 2512 semel
288 2449 395 2530 atque
426 2437 556 2512 iterum
588 2456 655 2510 eoa
674 2435 970 2530 nonenoeane,
1007 2441 1061 2514 uti

44 2527 97 2604 iias
119 2536 328 2624 feminam„
359 2531 472 2706 tgbuod
495 2533 522 2607 fi
546 2533 623 2608 hec
640 2533 843 2610 admonitio
862 2533 1061 2614 irustrtnea

43 2627 90 2718 est,
109 2627 331 2733 severiorem,
347 2653 376 2723 a¹
418 2629 582 2706 ibendam
604 2631 763 2725 judicat;
794 2633 981 2736 Quocirca
1001 2657 1061 2710 ro·

41 2723 118 2800 strum
132 2732 186 2804 ori
203 2731 281 2822 ejus
297 2727 491 2819 admovet,
516 2751 611 2802 voce
627 2729 758 2804 minaci
777 2743 885 2823 etque
902 2732 989 2806 iram
1007 2733 1061 2806 in·

41 2819 162 2900 dicante.
213 2827 264 2900 Et
290 2839 366 2902 tum
387 2823 531 2920 quidem
553 2825 637 2903 Mas
662 2826 760 2900 illam
785 2849 931 2901 comere
954 2827 1057 2905 solet.
1156 2878 1164 2893 ·

40 2915 172 2998 Scdcum
195 2924 231 2999 id
249 2923 359 3000 faciat
374 2923 463 3017 saepe
480 2921 640 3015 invitus,
672 2923 763 2998 adeo
788 2919 924 3000 durite'r
949 2926 1061 3006 vilior

40 3017 95 3104 eius
108 3021 482 3118 reptilem-vellicat,
500 3035 548 3104 ‚ut
565 3021 626 3106 ire.
638 3021 887 3114 incandescat,
911 3022 1063 3119 fremat,

42 3110 157 3192 &nore
179 3121 263 3213 equi
277 3119 456 3206 calcitret,
473 3119 641 3195 dentibus
658 3139 738 3194 eum
753 3131 854 3214 petet
866 3120 1063 3216 mordicus,

41 3223 119 3304 atque
138 3217 267 3290 dolens
293 3228 465 3292 recurrat.
523 3215 591 3292 Ast
611 3217 752 3290 catulos
781 3215 861 3290 suos
882 3217 1063 3310 patienter

41 3313 125 3382 comit
141 3327 278 3403 mater,
329 3311 495 3386 reserum
519 3312 610 3388 setta
634 3313 722 3386 colii
745 3312 909 3408 dorsrque
928 3315 1064 3390 studio·

42 3399 63 3472 ft
83 3411 227 3498 poliens.
278 3477 282 3485 .
346 3409 511 3484 ifficuiter
538 3409 733 3500 scandunt3
770 3411 973 3504 Precipitia
998 3414 1064 3490 vix

45 3514 161 3596 petunt,
201 3505 346 3582 afferem
377 3507 579 3580 latitudinis
603 3507 824 3602 semipedalis
855 3529 940 3582 raro
963 3510 1063 3605 supe·

48 3613 114 3686 nott
141 3625 223 3678 raro
239 3625 385 3697 quoque
399 3603 486 3678 saltu
501 3604 533 3680 sc
546 3619 732 3696 exercent,
747 3604 833 3702 agili
849 3617 987 3682 tantum
1010 3609 1063 3684 in·

49 3701 79 3798 iu
100 3703 308 3776 currendum
335 3699 489 3776 subsuitu
513 3723 646 3795 corpus
675 3701 821 3796 jactant.
879 3703 1062 3798 Sepimcn·

46 3797 176 3872 taonis
191 3795 315 3874 tamen
334 3801 495 3880 coerceri
516 3798 707 3894 respuunt,
731 3801 777 3874 fic
799 3799 1063 3878 animadversa

45 3879 130 3966 subito
145 3895 352 3972 vaietudine
369 3911 574 3988 tentantur,
598 3895 657 3971 sed
675 3895 843 3991 spatiosas
865 3897 958 3972 edes
977 3897 1063 3978 dest·
1206 3925 1212 3940 ·

912 3994 1055 4073 derant.
