2678 4756
181 232 441 321 sescrrttn
468 217 864 320 csurnnnsrnu:
981 263 1051 340 525
1089 211 1092 220 ’

24 433 166 524 sorbus,
198 446 247 505 ut
264 444 418 527 aegrotus
439 427 523 503 inde
541 431 645 503 velut
664 430 864 524 semiputris
886 427 1054 508 soetorem

24 541 196 626 urgeret,
232 531 296 620 qui
314 528 405 600 alios
422 529 530 623 longe
550 537 710 618 arceretg
741 542 857 602 tamen
876 527 980 601 brevi
1003 523 1056 601 sa·'

25 644 137 704 aretur
158 645 210 701 eo
236 621 414 716 successu,
439 639 481 697 ut
499 644 653 718 nuquam
673 622 710 700 in
728 621 893 700 morbum
916 624 1052 699 recide·

24 741 71 813 et,
97 725 163 798 nisr
185 718 404 797 voluntario
420 720 503 796 ausu
520 721 673 796 eundem
688 720 750 797 fibi
769 723 889 794 denuo
910 727 1056 822 contra(

24 824 95 894 erit.
147 819 202 895 Et
229 821 325 894 hanc
356 819 499 912 quidem
526 817 694 892 medendi
723 820 899 892 rationem
927 817 1056 893 ineunt

24 920 348 992 redicamentorum
369 916 633 990 'rirercurialiunr
659 917 794 1012 ignari,
828 913 1052 1010 eundemque

26 1037 90 1089 unc
106 1017 282 1090 morbum
297 1013 505 1087 saciliirnum
521 1008 849 1108 curatu'reputant.·
1050 1024 1054 1034 ·

90 1173 219 1272 Quum
238 1165 413 1264 superiori
429 1191 527 1244 anno
546 1171 584 1244 in
602 1167 782 1246 Canadnm
799 1170 1056 1266 perveniffenrq

24 1267 1054 1446 stitusiittitttmttdttttt{tit

24 1455 259 1552 resiliendi,
296 1459 355 1534 sed
378 1463 593 1554 querebatur
620 1459 863 1536 curiosissimus
889 1463 1055 1556 quisque,

24 1579 103 1648 ruam
121 1557 294 1632 difficiles
306 1559 375 1632 fint
388 1559 520 1634 incole
536 1558 581 1632 in·
591 1558 888 1632 commasticando
908 1559 1055 1636 meden-

24 1653 241 1743 iiratione3
285 1657 514 1750 qnippe-qui
546 1655 863 1730 arcina·rfiudinse
897 1656 1054 1748 servant,

24 1749 84 1824 iun
100 1753 260 1826 credunt
273 1753 431 1826 remedia
442 1751 501 1826 sua
514 1753 668 1846 perdere
680 1753 852 1828 virtutem
870 1751 1057 1847 viresqueq
1102 1792 1105 1801 ·

24 1846 131 1921 isorte
148 1845 345 1942 Europaeis
367 1849 618 1941 innotuerint,
641 1848 782 1945 seseque
806 1849 976 1948 deinceps
993 1851 1056 1947 spe

24 1945 127 2020 radere
148 1945 340 2022 ulterioris
356 1943 449 2023 usus.
501 2007 507 2022 ,

95 2109 213 2184 Fuere
231 2108 330 2182 Galli
345 2106 439 2182 haud
457 2103 583 2198 pauci,
608 2102 669 2197 qui
691 2123 781 2178 turo
796 2100 947 2194 aliisque
959 2099 1055 2178 ‘indii

24 2208 169 2280 tenentis
193 2205 400 2300 sategerunt
417 2205 515 2280 feros
529 2199 733 2276 sedere-ad
745 2197 972 2292 aperiendam
990 2198 1055 2273 fibi

24 2296 96 2374 hanc
123 2303 299 2378 medendi
328 2302 528 2389 rationem,
564 2297 623 2373 sed
646 2296 752 2370 irrito
777 2309 934 2382 conatu3
967 2297 1056 2388 quin

24 2394 113 2471 inno
129 2400 261 2474 misera
277 2397 501 2492 experientia
522 2395 725 2470 didicerunt
749 2392 814 2466 hac
838 2393 897 2464 lue
915 2391 1056 2484 fedati,

27 2491 143 2571 denum
168 2495 467 2572 reconvalescere
482 2510 557 2588 ope.
577 2491 842 2570 &liberalitate
853 2487 1055 2570 nonanto·

24 2609 67 2660 na
80 2593 240 2672 ferorum
258 2594 388 2668 horum
406 2593 605 2670 hominum.
1050 2626 1055 2640 ·

102 2749 198 2826 Duru
219 2749 387 2846 proxima
413 2739 792 2818 estate'Chiliarchem
808 2733 871 2816 W.
892 2735 1055 2846 Johnson
1189 2811 1193 2824 ,

29 2842 104 2918 adire
117 2849 205 2922 mihi
224 2847 380 2935 licebat·
399 2841 520 2914 varios
536 2839 580 2912 de
598 2837 707 2912 variis
719 2837 853 2926 ,norun
868 2835 1056 2909 hommum

27 2937 219 3020 &locorum
238 2945 345 3018 rebus
357 2939 537 3016 sermones
551 2933 760 3008 sciscitando
776 2931 946 3022 ferebam.
962 2971 964 2976 ·
980 2931 1055 3006 Ha·

27 3036 102 3112 bitat
117 3039 208 3116 idern
235 3043 297 3114 ilie
317 3037 456 3112 medius
482 3037 577 3110 inter
600 3033 670 3120 hos
693 3029 811 3118 seros,
837 3049 923 3121 quas
946 3029 1056 3104 nullis

29 3151 90 3210 non
106 3139 235 3216 officiis
255 3137 323 3216 nbi
341 3133 528 3213 devincire
542 3127 698 3218 studuit,
721 3126 815 3202 unde
841 3125 939 3198 illurn
966 3147 1055 3218 quo·

31 3251 85 3320 que
104 3237 216 3310 veluti
238 3247 374 3330 patrem
397 3228 517 3320 suurn,
544 3227 588 3300 ad
610 3223 902 3300 sustentationem
929 3243 1056 3314 eorum¹

28 3326 158 3406 mirifice
170 3333 436 3416 conferentem,
460 3325 646 3412 adamant3
670 3321 780 3396 immo
793 3319 935 3398 familie
953 3320 1056 3396 incoe

30 3421 125 3502 latum
147 3427 394 3526 perplurimae,
420 3425 553 3518 quippe
584 3419 669 3494 dum
688 3416 813 3503 norint
841 3413 875 3490 se
900 3415 1056 3512 benigne,

32 3519 66 3590 ab
80 3545 120 3596 eo
138 3539 330 3622 exeepturu
344 3525 412 3613 iri,
437 3519 609 3611 omnique
628 3538 668 3590 re
689 3501 880 3588 necessaria
902 3511 963 3598 srbi
980 3535 1057 3608 gra.

32 3613 70 3686 tit
86 3623 286 3712 provisum,
311 3619 426 3694 veluti
451 3615 612 3712 agmine,
638 3612 784 3686 adeum
813 3609 986 3683 duntaxat
1001 3611 1084 3681 viv

34 3707 189 3810 deudurn,
219 3743 264 3794 ex
277 3717 398 3792 dissitis
417 3716 521 3788 terris
539 3711 749 3798 confluunt,
774 3706 856 3779 dum
874 3707 934 3779 ilie
949 3705 987 3780 in
1004 3707 1057 3779 lu·

35 3823 86 3878 010
109 3819 211 3906 ponit
237 3815 312 3890 usui
341 3831 466 3888 eorum
493 3811 592 3884 ultro
620 3803 810 3880 deservire.
867 3803 1056 3896 Preteres,¹

34 3905 115 3994 quod
129 3913 205 4012 pari
223 3935 307 3993 cum
325 3911 470 3988 honore
488 3907 534 3982 de
546 3904 740 3986 'eo-etian-
756 3899 1056 4071 dicendumseritt

83 4051 85 4058 ·
956 4017 1056 4072 tren·
