2584 4770
234 243 334 330 ori
383 167 826 346 mutamonrnurrs
852 227 1189 348 maurianum.

261 411 330 488 LII
351 411 494 505 aceepit
515 409 547 482 da
568 412 605 484 in
631 410 742 484 horto
767 409 830 483 sno
852 410 1023 500 seminat,
1048 408 1134 484 dum
1150 407 1238 484 foliis
1255 411 1281 486 in

261 511 373 606 tegris
392 509 426 582 u
444 527 520 582 non
540 505 702 601 serratis,
729 523 814 580 tuto
836 513 928 580 coeio
952 505 1172 582 abaciuiatis
1190 513 1281 604 &pin

261 605 422 682 natifidis
446 605 659 679 Centaureae
688 606 927 700 Calcitrapae,
961 605 1229 696 differentibus,
1250 629 1281 680 er

260 705 403 794 crescit,
424 701 529 777 vaide
546 701 709 794 miratur,
736 725 891 776 cumeas
907 705 1022 791 videt,
1046 705 1226 798 postquam
1240 727 1281 776 mr

261 803 506 898 tamorphosm
522 800 704 876 subierunt
718 801 751 874 dt
763 803 871 876 flores
886 803 1153 896 produxerunt,
1178 803 1281 894 &quor

261 915 343 980 tota
360 903 480 996 planta
495 901 562 972 hac
579 899 874 988 fruetificatione,
899 900 1022 992 quoad
1043 901 1213 974 internam
1227 899 1281 974 stru

262 1000 420 1090 ituram,
448 997 661 1071 Centaureae
679 997 893 1092 Calcitrapa
915 997 1095 1073 simillima
1113 999 1174 1088 fit,
1196 1013 1230 1072 ut
1247 1019 1281 1070 nr

262 1119 338 1186 mo,
359 1097 421 1170 nisi
432 1095 651 1189 prejudiciis
670 1109 887 1185 excoecatus,
915 1093 1084 1171 dubitare
1100 1097 1210 1194 poiiit,
1224 1097 1281 1190 quir

260 1195 317 1270 he
334 1193 428 1284 duae,
461 1195 499 1267 in
513 1194 719 1290 principio,
748 1213 820 1266 una
838 1193 986 1268 fuerint.

359 1349 422 1426 Est
447 1371 539 1425 vero
566 1349 635 1423 alie
658 1347 978 1442 metamorphosis,
1004 1368 1088 1442 quae
1108 1369 1182 1424 non
1200 1347 1281 1422 minut

191 1459 202 1476 ‘
261 1443 462 1526 Botani'cos
476 1451 609 1536 turbat,
636 1471 717 1521 cum
734 1469 865 1540 nempe
878 1448 989 1532 iarvae
1003 1447 1136 1522 ssmiles
1151 1446 1230 1535 sunt,
1243 1447 1281 1518 rei

261 1551 415 1645 plantae,
441 1548 563 1642 quoad
576 1545 784 1622 strursturam
808 1559 1014 1632 externam,
1040 1547 1136 1620 haud
1155 1541 1281 1638 distingui

260 1644 427 1742 poium,
457 1647 599 1719 interna
618 1665 711 1716 vero
727 1641 898 1716 struibura
916 1659 989 1718 tam
1008 1647 1163 1718 multum
1182 1643 1281 1730 differt,

260 1745 312 1819 ut'
321 1744 476 1817 maxima
493 1741 660 1815 videatur
680 1740 748 1813 effe
771 1737 982 1830 difficultas,
1012 1742 1056 1816 ad
1080 1765 1187 1815 unam
1206 1743 1282 1834 spari·

260 1863 318 1915 em
336 1863 396 1914 eas
416 1839 611 1930 reducere,
641 1861 729 1934 quas
753 1839 920 1912 Botanici
948 1838 1223 1914 BiFRONTFS
1239 1861 1281 1908 ro

261 1954 402 2014 carunt.
455 1938 565 2013 Tales
585 1935 665 2012 sunt
685 1941 814 2032 Cnryzo
832 1934 954 2028 bifrons
973 1940 1007 2011 dt
1029 1935 1200 2034 ragusino,
1224 1957 1281 2028 qua·

259 2057 341 2114 rum
358 2061 431 2112 una
449 2038 571 2132 planta
592 2035 702 2112 florea
721 2035 878 2130 perindie
895 2023 1078 2122 radiatos,
1105 2039 1281 2110 alteravero

260 2136 372 2212 flores
393 2133 694 2210 flosculososime
717 2135 844 2222 radio,
869 2135 989 2208 habet.
1043 2134 1207 2229 Ejusdem
1225 2153 1281 2224 qua·

260 2234 374 2318 litatis
395 2234 475 2308 sunt
497 2233 679 2308 BIDENS
706 2258 823 2308 cernuo
846 2233 880 2306 dt
902 2231 1174 2307 COREOPSIS
1193 2235 1279 2316 iiior,

260 2329 572 2416 ANACYCLUS
593 2333 825 2406 valentinus&
848 2329 1122 2406 ANTHEMIS
1143 2335 1280 2414 onorio,

259 2429 481 2504 SENECIO
495 2427 652 2524 Jacobaea
662 2429 697 2502 dt
707 2426 863 2526 Jorobon
876 2435 1026 2524 uulgaris
1034 2433 1121 2530 flore
1131 2433 1218 2520 omo,
1236 2425 1279 2498 dc·

261 2525 477 2604 CONYZA
494 2525 617 2618 bifrons
635 2529 669 2600 δι
689 2527 744 2604 IN
749 2526 860 2616 ULA,
872 2523 1008 2619 bifrons.

356 2681 494 2773 Porro,
521 2681 717 2762 varietates
739 2681 899 2776 quedam
929 2678 1030 2774 sunt,
1064 2681 1182 2778 quoad
1204 2681 1279 2753 inter·

260 2799 344 2854 nam
366 2779 575 2854 struituram
603 2794 743 2854 tantum
768 2777 979 2854 differentes
1003 2777 1144 2858 corolla
1172 2773 1279 2870 majori,

116 2879 120 2891 '
260 2899 348 2970 quas
385 2879 554 2952 Botanici
592 2881 867 2974 appellaverunt
902 2871 1278 2962 GRANDJFLOth

258 2976 343 3050 satis
360 2978 551 3052 evidentes
568 2978 605 3051 in
624 2975 768 3074 Galeopfi
792 2977 951 3064 Tetrabit,
975 2977 1037 3050 ubi
1057 2997 1181 3052 omnes
1196 2973 1278 3044 vario

259 3087 353 3146 tates
372 3075 521 3148 corollis
539 3072 675 3170 semper
693 3073 827 3168 duplo,
856 3073 968 3167 triplo
987 3075 1021 3146 dr
1038 3075 1226 3168 quadruplo
1240 3087 1278 3178 aa:

259 3167 392 3245 stiores
412 3172 593 3262 evadunt,
623 3195 727 3266 quam
751 3187 881 3248 ceterae
898 3171 1060 3266 ejusdem
1083 3171 1225 3266 speciei,
1244 3181 1277 3240 ua

258 3266 368 3344 etiam
386 3271 550 3346 videmur
566 3269 604 3344 in
624 3275 828 3369 clinopodio,
858 3269 1019 3346 Prumbbo
1034 3271 1069 3344 dt
1083 3271 1199 3346 multis
1213 3265 1277 3338 mir

355 3425 422 3499 Hae
441 3425 636 3498 varietates
653 3427 882 3517 constantes,
905 3427 971 3526 (ad
987 3451 1074 3523 quas
1089 3433 1199 3506 Soron
1219 3423 1276 3498 Tria

253 3529 381 3624 phium,
410 3526 563 3618 Serapias
575 3523 778 3598 Heiieborioe
795 3526 829 3598 &
846 3528 955 3624 longe
971 3529 1092 3622 plures
1111 3505 1276 3622 pertinen]

259 3644 338 3716 quae
371 3623 442 3716 jam
469 3622 669 3694 Botanicos
702 3635 775 3694 tam
799 3627 950 3698 multum
988 3627 1154 3716 turbant,
1188 3619 1276 3710 esem

257 3722 462 3818 plantarum
477 3719 759 3816 &generatione
773 3723 926 3814 hybrida
940 3723 1036 3796 forte
1054 3721 1230 3818 aliquando
1239 3715 1275 3786 de·

258 3817 343 3893 duci
354 3819 554 3914 posterunt.
586 3817 730 3890 Gallina
741 3819 769 3891 F
772 3821 963 3894 rislandica
973 3821 1032 3895 seu
1043 3822 1165 3918 crispa,
1180 3811 1275 3915 penui

259 3915 440 4011 recurvis,
462 3916 681 4012 deplumata,
700 3915 748 4010 tr,
771 3921 891 4014 quoad
906 3919 1072 3998 minimas
1088 3937 1210 4018 partes,
1226 3909 1275 4084 urbo·
