2726 4770
307 221 545 304 censura
573 222 885 306 sturnorum.
1080 253 1126 332 29
1172 205 1175 215 “

58 414 177 492 modo
190 411 331 504 tensus,
357 413 508 490 olfactus
526 429 612 510 puta
630 385 666 490 d
682 415 823 513 gestus,
847 419 1045 494 virtutibus
1062 441 1126 494 ve·

59 513 271 610 getabilium
290 511 564 608 investigandis,
586 513 796 604 inserviant,
813 517 920 604 adeo,
941 532 981 590 ut
995 517 1125 606 ordine

58 614 309 704 cujuscunque
327 613 458 703 planta
474 613 628 686 naturali
648 615 816 784 cognito,
831 615 866 688 ἃ
883 615 1019 690 collato
1040 637 1125 690 cum
1181 677 1186 696 .

57 713 149 784 odore
175 708 337 802 ejusdem
357 709 392 782 dr
402 709 541 806 sapore,
567 733 644 786 non
669 733 689 782 a
715 733 761 786 eo
779 711 886 786 facilc
909 715 1018 786 nobis
1044 736 1123 807 per·

53 805 282 895 suadeamus,
302 807 395 880 hanc
410 808 469 879 vel
487 807 584 882 iliam
598 807 744 882 herbam
759 809 912 884 alienam
927 812 971 882 ab
988 811 1048 884 illa
1062 833 1123 886 ex·

52 922 183 980 eccere
199 903 398 998 virtutem,
422 925 500 999 quae
516 903 677 981 sensuum
695 927 767 1000 ope
784 905 999 1006 investigata
1017 909 1098 984 fuit

512 1080 546 1169 t·
609 1073 660 1150 v.

136 1185 232 1262 Haec
248 1185 373 1276 omnia
393 1187 683 1282 considerantes,
700 1209 778 1266 non
796 1189 979 1286 possumus
1000 1193 1084 1268 non'
1100 1215 1121 1268 a
1138 1279 1142 1290 ‚

49 1285 186 1362 Raoro
216 1283 421 1362 Contuoro
448 1287 617 1361 Meurco
671 1301 792 1376 etere,
823 1302 865 1362 ut
890 1289 1121 1388 AEscunnrrr
1174 1322 1178 1348 ·

51 1383 260 1476 Sateliites,
309 1383 428 1478 primo
468 1385 627 1480 prucipu
653 1409 723 1479 que
767 1389 893 1484 Species
938 1393 1122 1462 morborum

50 1483 257 1578 cognoscere,
285 1479 459 1573 secundo,
483 1499 637 1578 quantum
658 1482 735 1575 fieri
750 1485 874 1582 potati,
902 1487 1119 1560 Medicamen-

50 1589 96 1658 tir
122 1587 176 1654 uta·
190 1579 416 1676 fimplicr'bus,
444 1581 556 1654 tertio
573 1578 752 1684 denique,
777 1585 870 1678 justo
891 1583 1125 1682 &sufficienti

51 1680 116 1774 defi
130 1677 299 1773 fimpiirio
317 1679 525 1776 prescribere
539 1681 728 1773 jttbearttur.
779 1681 815 1754 A
835 1681 1118 1758 Medicamentis

52 1778 151 1853 enim
178 1776 364 1866 heroicis,
389 1777 608 1875 narcoticis,
638 1778 849 1861 vomitoriis
876 1779 910 1852 dt
933 1781 1119 1873 purganti·

55 1877 144 1966 bus,
173 1872 259 1948 satis
276 1873 452 1968 superque
473 1873 834 1966 edoctisnnvimuo,
863 1892 1119 1972 quantumpe·

55 1971 282 2064 riclitemur,
311 1971 336 2046 sr
358 1969 454 2064 J'usto
484 1973 601 2066 major
626 1969 781 2048 sumatur
805 1974 919 2066 dosis,
945 1999 1012 2049 nec
1039 1999 1118 2056 non

59 2091 162 2164 quam
186 2067 359 2144 incass'um
377 2065 496 2162 foret,
522 2092 585 2160 ea,
617 2070 693 2146 doit
713 2071 886 2167 refracta,
912 2073 1121 2169 proscribe:

61 2191 112 2242 re.
158 2166 250 2242 Non
267 2167 342 2242 fine
357 2166 502 2244 ratione
520 2169 642 2262 itaque
658 2171 877 2261 metuimus,
907 2193 953 2244 ne
970 2173 1119 2248 mitiora
1267 2213 1269 2218 -

61 2264 235 2360 sepiiiime
258 2265 529 2340 Medicamenta
557 2279 630 2340 tam
653 2288 766 2362 parva
794 2267 867 2344 dost
890 2268 1123 2364 proscribam
1228 2352 1231 2363 Ι
1281 2284 1285 2298 .

59 2377 137 2456 tur,
160 2377 201 2438 ut
227 2377 392 2439 naturam
418 2363 512 2436 haud
536 2363 749 2454 immutent;
784 2365 843 2440 sed
872 2365 1122 2462 suspendendo

55 2485 174 2538 curam
197 2463 328 2558 egroti
348 2460 586 2555 exspectando
606 2477 722 2560 agant.
774 2463 893 2557 Hujus
912 2466 966 2538 rei
986 2465 1119 2540 verita·

56 2572 126 2635 tem
140 2559 309 2656 plurimis
325 2561 605 2634 corroborarem
627 2563 868 2657 argumentis,
887 2563 951 2638 nin
968 2585 988 2637 a
1004 2563 1118 2658 scopo

54 2659 213 2734 alienum
236 2655 336 2735 effet.
385 2659 572 2756 Quantum
590 2658 753 2752 'denique
776 2675 1033 2754 praeconcepta
1057 2661 1121 2758 illa

55 2756 207 2850 opinio,
242 2755 287 2830 de
314 2757 484 2830 omnibus
513 2757 747 2832 excludendis
769 2759 1035 2850 Vertomaro,
1064 2761 1118 2834 in·

56 2867 238 2952 crementa
254 2853 452 2930 Medicina
471 2854 736 2948 impediverit,
755 2856 969 2932 incredibile
995 2855 1046 2930 est
1066 2857 1118 2930 di·

58 2949 130 3042 dtu,
159 2974 246 3026 cum
270 2964 392 3028 tamen
420 2951 598 3046 optimum
624 2952 958 3046 Medicamentum,
984 2953 1121 3050 majori

57 3047 125 3124 dosr
148 3049 324 3140 sumtum,
357 3051 394 3122 in
415 3047 598 3122 venenum
618 3048 742 3143 saepius
761 3065 948 3139 vertatur,
973 3051 1008 3124 dt
1029 3069 1121 3147 prae«

56 3145 279 3222 sentiffimum
297 3145 446 3222 viciffim
465 3167 671 3237 venenum,
686 3147 792 3240 ¹justa
809 3147 884 3226 dosr
901 3148 1118 3246 adhibitum,

56 3243 367 3340 prestantiiiimatn
382 3243 608 3320 Medicinam
623 3244 727 3320 ferat

446 3455 449 3466 ι
504 3421 539 3509 t·
593 3413 661 3490 vr.

146 3532 272 3627 Atque
289 3553 405 3627 pauca
420 3531 517 3624 hec,
547 3554 625 3626 quae
649 3533 720 3627 jnm
741 3506 967 3720 allatdsnnt,
993 3533 1118 3610 abusui

62 3627 279 3706 ostendendo
299 3630 654 3704 Medicamentorum
670 3631 846 3706 sufficiant
906 3633 942 3706 Si
961 3653 1051 3707 vero
1073 3633 1120 3708 ad

65 3727 227 3804 officinas
255 3727 395 3802 nostras
422 3727 688 3824 regrediamur,
719 3729 924 3804 videbimus
950 3732 1119 3806 tabernae

65 3845 173 3902 aarum
196 3825 453 3914 multitudine,
517 3825 590 3900 uod
617 3826 813 3901 dolendum
841 3827 914 3918 cst,
955 3829 1118 3911 Medica.

62 3939 259 4002 mentorum
282 3927 453 4020 gravatas
527 3947 569 4014 e,
593 3925 739 4020 'quibus
757 3925 907 4000 Medici
930 3927 1117 4018 nunquam

1007 4035 1117 4102 utun·
