2556 4742
240 225 323 312 1641
502 205 702 285 CERVUS
729 197 1027 278 TARANDUS.

337 405 483 483 chlnae
500 393 721 494 Lapponicae
739 393 856 496 vestes
875 384 1091 465 conficiunt.
1125 364 1131 392 ⁵
1265 443 1266 450 r

273 521 305 530 ’
341 523 468 618 Mares'
483 519 646 614 mulgent
671 532 806 610 pecora
830 509 864 584 dt
884 505 1005 582 caseos
1029 498 1198 598 quotidie
1218 511 1266 592 prt

244 632 360 701 munt.
479 650 482 654 ·

202 721 204 730 '
678 714 734 807 §.¹
760 703 861 813 XIV.

299 867 304 877 ·
344 837 508 930 Pinguedo
523 830 628 924 hujus
652 822 838 914 animalis,
867 843 943 896 non
963 818 1061 897 utin
1090 815 1173 890 aliis
1194 825 1266 906 peel

247 935 347 1027 cibus
366 924 542 1034 frustetirn
567 929 761 1018 cohaeret,
781 921 841 1014 sed
863 919 990 994 intime
1012 914 1064 991 est
1083 897 1266 1004 admixtti

248 1033 364 1109 brillis
387 1026 538 1104 carneis.
636 1061 642 1072 ·
765 1041 769 1048 ·

348 1153 469 1254 Quum
485 1143 682 1234 identidem
697 1138 825 1235 pedem
844 1132 971 1214 novet
981 1133 1144 1220 Rheno,
1171 1124 1266 1216 sempe

252 1250 388 1346 'crepitat
410 1247 465 1322 uti
491 1265 626 1331 nuces,
654 1239 762 1330 idque
790 1259 835 1311 ex
856 1257 902 1310 eo
920 1231 1122 1329 provenit,
1151 1221 1266 1318 quodi

251 1349 408 1444 primum
427 1342 593 1438 incedet,
618 1337 734 1431 ample
758 1333 911 1408 diducat.
926 1331 1079 1425 ungulas
1098 1319 1217 1398 versus
1232 1331 1266 1416 tet

252 1467 330 1521 carn
347 1440 500 1538 pretias,
524 1439 679 1532 dumque
702 1431 957 1517 naseuntur,
982 1425 1266 1520 apices-eamne

253 1541 465 1618 seinvicem
483 1531 673 1610 allidantur
690 1551 773 1604 cum
791 1525 1043 1622 crepitatione.

266 1737 268 1742 ,
291 1690 293 1699 ·
353 1657 529 1730 Ruminure
544 1651 761 1725 Rhenonem
781 1669 881 1741 aeque
904 1667 946 1719 ac
971 1642 1040 1717 alia
1058 1641 1215 1720 Pecoca,
1236 1627 1266 1710 dl

248 1755 359 1834 bium
373 1773 451 1828 non
465 1749 536 1842 est,
559 1746 657 1842 quod
676 1746 839 1839 quotidie
854 1742 1092 1840 perspicitur,·
1111 1753 1214 1829 quum
1226 1721 1266 1820 qd

259 1853 349 1928 escit
371 1851 413 1925 ad
436 1847 549 1922 casam
568 1845 664 1920 circa
686 1843 845 1933 fumum,
870 1841 961 1914 adeo
977 1852 1018 1912 ut
1034 1836 1150 1930 Rajus
1165 1851 1207 1904 ex
1221 1807 1266 1900 ul

259 1950 359 2047 logia
376 1965 619 2043 congenerum
635 1941 708 2016 hoc
731 1939 861 2014 reilius
879 1935 1103 2031 conjecerit,
1128 1946 1225 2026 quam
1238 1935 1266 2018 nt

259 2047 363 2146 gevit
389 2041 570 2138 Sclcfferus
596 2061 643 2114 ex
665 2037 822 2132 profeffo
841 2037 886 2113 de
908 2037 981 2112 hoc
1009 2053 1119 2132 agens
1145 2017 1264 2104 animali

263 2145 391 2240 &ejus
410 2142 631 2239 epitomator
651 2137 797 2214 Hulden.

365 2589 494 2679 Morbi,
514 2588 644 2684 quihus
661 2585 877 2663 adficiuntur
886 2587 1100 2676 Rhenones,
1116 2578 1195 2656 sunt
1207 2559 1266 2641 viri

364 2703 394 2778 l.
424 2705 596 2816 Qeslrum,
623 2707 763 2778 Curlnu
777 2702 889 2797 Lapp.
922 2703 1024 2794 qu'us
1043 2698 1147 2793 supra
1163 2679 1266 2788 menig

230 2847 232 2852 ·
270 2824 354 2880 nem
376 2799 540 2876 fecimus.
601 2800 685 2902 Hoc
707 2797 862 2888 maxime
888 2799 1125 2872 debilitantur
1151 2791 1266 2864 &reru

271 2903 359 2976 vitae
376 2921 473 2974 enno
491 2898 690 2991 nonpauci
708 2897 934 2987 moriuntur,
960 2916 1069 2989 quum
1082 2882 1266 2968 secundet

273 3021 324 3074 no
343 2995 468 3070 abillo
488 2995 556 3068 smt
572 2997 758 3068 immunes.
1265 3032 1266 3074 n

373 3092 421 3170 ll.
454 3095 629 3166 Vermiculi
648 3092 684 3164 in
708 3093 830 3186 palato
849 3088 882 3161 dt
899 3089 972 3162 finu
995 3087 1129 3163 frontis
1150 3083 1266 3177 genere

274 3206 335 3266 tur
351 3189 480 3263 eodem
499 3190 611 3262 modo
629 3210 670 3262 ac
688 3189 725 3261 in
746 3183 847 3281 equl's
868 3184 1063 3260 uocibus.
1116 3181 1163 3254 Hi
1181 3177 1266 3274 templ

186 3359 191 3369 ,
277 3312 316 3363 re
338 3287 525 3382 iubesne,
551 3286 614 3359 ubi
637 3285 888 3359 vehementius
913 3283 956 3356 ad
981 3280 1192 3356 currendum
1208 3271 1266 3360 idi

276 3399 336 3459 tur
364 3385 516 3476 animal,
551 3383 813 3476 sternutatione
841 3381 1045 3474 ejiciuntur.
1124 3347 1266 3450 Trumlel

277 3483 412 3577 Lappis
431 3482 621 3571 dicuntur,
654 3481 714 3572 qui
732 3483 922 3573 deponunt
940 3500 1012 3551 ova
1030 3477 1066 3550 in
1085 3477 1222 3565 laryngc
1237 3449 1266 3522 Tl

277 3580 403 3669 tundi,
449 3601 526 3673 quae
553 3577 693 3651 exclusa
722 3579 760 3650 in
786 3575 1003 3648 vermiculos
1024 3594 1139 3646 verno
1159 3563 1266 3664 tenuo!

281 3678 506 3771 expellentur
532 3695 596 3768 per
616 3695 741 3766 nares,
781 3674 878 3748 unde
902 3673 1009 3745 etiam
1028 3673 1146 3766 plures
1165 3661 1266 3736 nond

273 3788 361 3868 tur,
390 3785 493 3867 quarn
508 3795 531 3846 a
548 3773 714 3845 Curbma.

381 3871 447 3950 Ill.
481 3874 623 3966 Veru'gc,
654 3870 845 3970 Ringfiula,
871 3867 1040 3962 quadum
1054 3839 1266 4008 laborantRIlllci
