2606 4748
226 261 294 347 298
393 239 660 320 CENTURIA
688 245 1102 323 Il.·PLANTARUM.

222 428 426 514 tinuatum‚
451 441 639 517 acceptum
662 423 712 496 est
736 421 985 512 referendum3
1017 438 1059 498 ut
1078 427 1163 518 jam
1178 447 1282 502 amu·

222 523 365 601 nissrmae
386 523 469 596 huic
488 525 555 595 arti
573 522 724 611 dicatus,
755 522 791 594 in
805 522 1028 613 inquirendis
1049 524 1211 616 Plantis,
1236 527 1283 598 di·

221 621 428 698 lucidiffima
450 623 517 694 hac
541 620 715 694 methodo
740 619 1010 711 determinatis,
1035 643 1055 693 a
1078 622 1188 696 reno
1217 637 1284 698 tra·

221 722 311 804 mite
328 719 392 792 vix
411 741 452 792 ac
469 741 515 792 ne
536 718 600 790 vix
619 716 762 812 quidem
778 716 968 792 deflectere
981 735 1101 812 queat.

280 891 372 993 nst,
399 927 480 978 cum
499 903 586 977 illud
611 903 745 976 Summi
766 903 951 978 Creatoris
969 905 1283 1000 Promptuarium,

222 1004 334 1078 Globi
357 1003 535 1094 terraquei
558 1003 775 1094 vegetabilia
795 1002 950 1093 fovens,
978 1001 1192 1076 innumeris
1210 1006 1283 1080 sere

84 1163 90 1174 ,
199 1099 402 1194 “superbiat
419 1100 579 1187 divitiis,
606 1099 683 1173 fieri
702 1101 854 1174 omnino
878 1101 1027 1192 nequit,
1057 1116 1100 1171 ut
1130 1104 1201 1174 uni
1226 1107 1282 1180 vel

222 1199 323 1276 alteri
347 1199 495 1270 facultas
519 1197 801 1271 subministretur
823 1199 899 1271 baec
920 1199 1041 1272 omnia
1060 1197 1161 1272 DEI
1182 1203 1281 1276 mira·

221 1297 308 1368 bilia
333 1298 448 1368 oculis
473 1295 683 1388 usurpandi,
717 1293 773 1368 sed
800 1295 985 1368 hominum
1009 1297 1124 1369 multa
1154 1299 1274 1390 millia,

220 1395 333 1467 unitis
353 1394 490 1467 viribus
510 1394 545 1466 in
565 1393 601 1464 id
621 1393 830 1468 incumbant
843 1391 980 1467 necesse
997 1391 1061 1486 est,
1088 1409 1138 1468 ut
1157 1397 1272 1491 preti·

219 1513 292 1590 pua
310 1492 528 1586 colligantur
544 1503 651 1584 atque
667 1491 890 1588 detegantur.

120 1771 122 1776 ¹
295 1685 352 1760 Ad
363 1688 459 1759 hune
478 1683 714 1758 obtinendum
733 1683 865 1776 linem,¹
885 1685 1053 1778 vidimus,
1073 1686 1107 1760 ἃ
1130 1689 1283 1780 quidem

219 1781 438 1876 stupentes‚·
458 1784 592 1856 multos
610 1781 752 1857 infinita
772 1783 916 1856 solertia
939 1783 1095 1877 Europae
1119 1791 1282 1883 angulos

218 1879 460 1976 perlustrasse,
494 1880 605 1974 alios,
638 1903 718 1953 cum
746 1880 931 1974 dispendio
953 1903 1084 1976 opum,
1108 1883 1283 1962 sanitatis

220 1995 327 2070 atque
349 1980 454 2067 vita,
481 1977 641 2052 estuanti
664 1979 698 2050 se
715 1978 892 2053 tradidisse
907 1979 1061 2072 Pelago,
1085 1980 1208 2074 inque
1228 2007 1279 2057 re·

218 2075 423 2150 motilsrmas
445 2075 641 2168 penetrasse
659 2075 793 2166 Indiae,
820 2077 988 2164 uniceut
1000 2077 1147 2152 Plantas
1172 2103 1280 2172 quas·

218 2172 529 2268 damindagareut,
551 2175 593 2245 ad
612 2174 872 2250 incrementum
881 2175 1107 2250 Monarcbiae
1120 2177 1281 2255 Botani·

219 2295 270 2348 ce
288 2271 457 2365 usumque
474 2271 670 2366 publicum.

293 2457 392 2532 Ante
421 2479 552 2531 annum
587 2458 719 2532 editam
744 2461 953 2552 Centuriam,
991 2456 1186 2532 Botanicis
1213 2461 1282 2538 iin-

217 2556 329 2652 gulari
348 2555 521 2628 desiderio
539 2579 580 2628 ac
594 2558 784 2650 voluptate
801 2556 992 2652 susceptam
1004 2554 1119 2648 fuisse,
1144 2557 1280 2652 saepius

217 2653 361 2740 audivi3
390 2652 461 2725 hoc
485 2675 629 2746 quoque
645 2669 832 2748 tempore,
856 2669 986 2748 praeter
1002 2654 1103 2746 illas,
1130 2678 1218 2748 quae
1241 2659 1281 2732 in

216 2749 491 2845 locupletissimo
511 2751 632 2825 Horto
650 2751 869 2827 Academico
888 2751 1050 2846 quotidie
1069 2771 1281 2830 occurrunt

215 2850 377 2943 plantas,
412 2871 488 2923 non
513 2850 586 2922 sane
612 2849 753 2942 speciali
784 2852 974 2924 oculorum
998 2849 1277 2926 obleslamento

215 2948 378 3021 mihimet
391 2947 627 3040 contemplari
642 2947 746 3020 licuit
762 2948 944 3044 ingentem
963 2946 1044 3020 satis
1061 2947 1280 3024 Plantarum

216 3045 427 3134 cohortem,
453 3068 537 3138 quas
553 3046 666 3132 varii,
695 3046 791 3138 iique
818 3043 1085 3120 Celebratissrmi
1107 3043 1278 3142 Europa

214 3140 397 3230 Botanici‚
421 3145 464 3214 ad
480 3142 529 3214 N.
548 3141 595 3214 D.
616 3141 1086 3218 ansrnautransmisere:
1111 3163 1277 3238 cumque

215 3239 253 3312 in
263 3239 322 3312 bis
339 3257 489 3332 reperta
507 3240 573 3314 lint
586 3253 643 3312 tot
657 3253 764 3314 novae'
783 3249 890 3333 atque
904 3262 990 3314 rare
1003 3241 1156 3334 planta,
1176 3264 1278 3318 non-

214 3336 296 3409 dum
317 3337 581 3424 determinata,
609 3360 757 3431 queque
776 3339 855 3411 orbi
881 3339 1026 3410 literato
1043 3338 1115 3410 srne
1132 3338 1276 3414 damno

213 3434 370 3508 scientiae
388 3437 520 3530 ignotae
537 3435 604 3509 else
626 3451 819 3528 nequeant,
846 3435 953 3510 enixe
969 3436 1113 3530 rogavi,
1141 3451 1183 3507 ut
1202 3438 1273 3512 rni-

214 3532 250 3606 hi
281 3531 457 3625 specimen
484 3534 661 3626 quoddam
689 3533 831 3606 edituro
860 3533 1125 3623 academicum,
1162 3549 1273 3628 pote·

213 3627 282 3703 stas
298 3629 441 3703 daretur
456 3654 500 3704 ex
521 3631 575 3704 bis
592 3631 797 3704 fasciculum
815 3631 873 3704 seu
884 3631 1090 3706 Centuriam
1105 3631 1271 3727 legendi,

213 3749 362 3820 eamque
378 3727 469 3801 Orbi
486 3729 628 3802 curioso
649 3727 803 3818 sistendi,
831 3731 945 3822 probe
971 3727 1098 3818 sciens,
1127 3727 1265 3803 sumtus

211 3827 443 3916 laboremque
467 3827 704 3916 nullomodo
723 3828 860 3920 minui,
892 3841 1010 3902 utrum
1036 3828 1187 3919 jucundi
1217 3847 1264 3898 an

210 3923 310 3998 utilis
330 3924 415 4017 quid
432 3925 627 4001 elaborem.

1170 4030 1256 4104 Voti
