2678 4756
238 197 323 285 ,⁶⁸
480 178 848 262 uroaamonas
873 179 1062 260 avruu.

255 375 423 472 digama,
457 371 578 466 quoad
599 370 789 464 plurimum
815 380 977 464 partem,
1000 365 1138 442 ¹videre
1165 366 1209 442 ἀ
1235 387 1311 444 en·

253 471 391 548 minare
416 470 573 546 licuerit.
632 467 918 545 Observationes
946 465 1068 558 itaque
1096 468 1328 558 qualemn-¹

255 591 325 664 que
349 569 430 642 heic
455 561 541 638 Tibi
567 565 612 640 Β..
632 562 674 638 L.
698 564 965 640 communicare
993 561 1197 654 constitui,
1232 583 1316 656 qm·

243 690 333 741 *rum
356 661 606 760 benigniorem
632 675 673 736 ut
705 663 1072 761 agamemnon,
1104 659 1182 754 est,
1220 657 1317 754 quod

256 765 320 840 abs
337 764 394 838 Te
412 774 561 858 expeto.

289 969 292 978 ’
380 999 445 1038 ”
554 905 1015 1104 rrrbriidonas.

238 1211 241 1220 Δ
356 1146 489 1230 Multas
511 1145 803 1236 &varimillam
819 1167 908 1237 ,oua
929 1146 1257 1239 contemplatione
1269 1147 1316 1220 Δ·

259 1247 360 1336 vium
382 1244 416 1318 se
431 1243 713 1343 desudantibus,
740 1265 859 1330 earum
876 1242 1140 1336 perpendenda
1160 1246 1316 1316 obviam

239 1343 429 1430 ueniunt,
447 1341 698 1432 proprietates¹
709 1340 871 1430 mittens,
894 1343 933 1414 in
947 1341 1055 1416 unius
1069 1340 1315 1427 solummodo,

259 1459 365 1534 quam
382 1433 482 1512 Aves
497 1438 656 1530 plurima
670 1459 742 1530 pra
760 1436 973 1516 animalibus
989 1439 1130 1512 catoris
1151 1439 1316 1532 peculia-

228 1533 232 1542 “
258 1559 334 1616 rem
357 1537 433 1622 sere
460 1535 621 1624 habent„
643 1535 936 1624 adumbratione,
967 1537 1206 1628 migrationem
1227 1535 1317 1610 scia

261 1647 322 1709 cet
339 1649 482 1723 earum,
508 1633 702 1724 occupari,
729 1632 767 1706 in
785 1632 907 1706 animo
922 1632 1012 1740 mibi
1029 1631 1225 1727 proposui.

238 1831 243 1842 ·
344 1816 603 1914 Ὀεοοῃοῃιίει,
628 1815 678 1890 ita
698 1813 812 1906 diua,
835 1815 988 1906 Divina,
1014 1837 1118 1910 quam
1135 1813 1315 1892 Naturam

287 1899 509 2013 erlustrando
528 1936 549 1988 a
567 1911 768 1988 conditore
787 1914 924 1990 summo
950 1913 999 1986 ita
1024 1913 1250 2003 institutam,
1276 1915 1314 1988 in

239 1941 441 2088 feminum
463 2015 569 2086 eriam
593 2009 821 2102 invenimus,
848 2025 889 2086 ut
913 2010 1041 2108 cuique
1063 2009 1119 2085 rei
1142 2013 1313 2102 naturaii,

261 2110 307 2185 ad
325 2127 444 2184 certos
459 2109 548 2195 fines
566 2107 837 2201 producendos,
864 2122 978 2182 cartas
996 2105 1253 2202 praescripserit
1265 2111 1313 2182 ie-

240 2216 349 2308 'ges,
373 2205 545 2280 inter-*res
569 2219 666 2278 certe
690 2203 832 2283 maximi
857 2209 1031 2281 momenti
1056 2205 1130 2294 est,
1160 2210 1314 2300 adquae

238 2303 610 2397 mortalia-tinnuam
640 2304 824 2376 attendere
851 2299 968 2398 queatss
1034 2301 1073 2376 In
1106 2303 1168 2378 iiia
1201 2305 1313 2390 enim,

262 2403 408 2495 specuio
427 2401 518 2490 quasa
536 2400 688 2470 maxime
708 2397 884 2494 limpido,
906 2401 1157 2474 excellentiam
1179 2401 1313 2495 perspi·

256 2501 377 2571 aimus
396 2493 653 2572 omniseirnnae
666 2495 837 2585 Divina,
859 2517 959 2590 qua,
979 2497 1209 2589 quaomnia,
1237 2499 1311 2572 usui

261 2591 495 2668 inservientia
513 2589 683 2684 publico,
708 2615 762 2669 eo,
774 2595 902 2686 maiori
921 2607 1136 2689 peragantur
1155 2595 1308 2668 demeri-

238 2701 360 2791 qtate,
387 2690 435 2764 ita
455 2688 625 2766 sancitum
647 2691 790 2776 voluit,
815 2705 859 2763 ut.
873 2713 953 2764 cum
978 2693 1080 2764 iu'cro
1102 2691 1311 2772 &utilitate

236 2785 601 2881 “semperconjuntta
617 2786 683 2860 sint
696 2789 845 2881 agentia.
881 2789 1004 2884 Pisces,
1022 2789 1132 2862 maria
1147 2787 1312 2864 innatan-

237 2919 247 2938 ν
263 2900 320 2960 tes
338 2883 536 2970 vastissima,
562 2883 724 2960 littorum
738 2903 847 2976 aquas
861 2883 1013 2980 tepidas,
1037 2905 1110 2958 ova
1126 2907 1313 2978 exponen·

238 3021 242 3028 ,
264 2984 301 3056 di
318 2981 444 3076 gratia,
468 2980 518 3052 ibi
535 2979 658 3071 postea
669 2994 709 3054 at
719 2982 969 3069 excludantur,
996 2981 1164 3058 instiustu
1176 2999 1311 3056 nauare

266 3077 459 3172 quotannis
486 3090 610 3168 petere
635 3091 832 3172 coguntura
858 3099 928 3172 qua
946 3099 1038 3151 vero
1062 3079 1255 3156 occasione
1273 3081 1310 3154 in

264 3173 420 3270 praedam
443 3185 515 3247 tam
540 3172 775 3265 piscatorum,
801 3195 906 3267 quam
933 3176 1166 3265 animalium,
1192 3179 1310 3271 qraales

237 3313 241 3324 ,
260 3272 344 3348 sunt
360 3269 579 3362 Accipitres,
603 3270 754 3344 Anseres
770 3271 903 3362 dualia,
929 3273 1032 3344 multi
1046 3269 1194 3348 cedunt.
1237 3279 1309 3348 Sca

237 3404 242 3414 ·
263 3369 387 3446 roboris
412 3380 542 3440 terram
563 3366 623 3439 sub
642 3365 727 3440 fimo
745 3368 862 3457 forat,
894 3389 974 3444 eum
997 3368 1183 3456 infinem,
1211 3385 1251 3446 ut
1269 3393 1307 3444 o·

252 3487 348 3538 ¹uum
368 3463 569 3558 profunde,
599 3463 695 3555 quod
713 3465 905 3553 desiderat,
931 3485 1070 3556 ponere
1093 3465 1221 3558 potiit,
1246 3467 1307 3540 rbi·

264 3585 333 3653 que
350 3559 514 3648 excluso,
541 3560 726 3634 Scarabuo
749 3562 885 3634 recenti
900 3562 978 3636 esca
992 3581 1067 3636 non
1090 3565 1198 3651 debta
1226 3565 1305 3640 hinc

91 3647 98 3659 '
213 3661 376 3749 ‘.vero,
408 3658 446 3730 in
466 3655 580 3732 soenus
603 3657 788 3746 ruricola,
822 3671 915 3730 terra
935 3658 1156 3738 stercoratur
1178 3685 1303 3734 macra.

262 3759 473 3842 ermbrirur,
497 3753 629 3828 vermis
648 3755 706 3828 iile
726 3755 984 3844 subterraneos,
1010 3757 1305 3832 enidrdomicibo

263 3852 531 3946 &nutrimento
544 3851 654 3928 burno
673 3853 726 3940 uti
744 3852 940 3946 jucundum
958 3850 1031 3946 eu,
1059 3877 1304 4030 venerznggg
