2606 4748
162 175 571 264 HORTICULTURA
594 185 913 268 ACADEMICA.
990 213 1059 290 217

50 363 215 456 impiant,
240 367 296 457 br,
321 389 402 442 cum
417 367 581 442 serotine
596 367 630 442 n
645 371 869 444 autumnales
885 369 973 462 sint,
997 369 1062 446 vix

55 461 201 554 aprinos
227 465 377 539 nanum
402 466 534 544 ferunt.

113 599 142 686 §.
166 595 283 668 XXV.
355 595 622 670 ALPINUM
645 595 920 690 comprehendit
948 595 1062 690 Alpes

57 711 142 762 mnes
160 691 278 764 totius
296 693 416 778 orbis,
445 692 531 766 nive
550 715 614 788 per
630 693 783 768 estatem
802 691 916 788 paffim
938 692 1063 786 renas,

52 787 201 878 irquinus
225 789 390 882 hyemem
406 789 633 883 longissimam
656 789 754 864 estas
770 789 968 864 brevisrma
987 791 1065 864 aba·

49 907 93 974 pe
106 907 189 957 vere
208 887 243 958 br
262 897 436 960 autumno
451 889 608 980 excipit,
638 889 676 962 in
695 887 824 982 quibus
839 889 968 982 piantae
985 888 1064 960 bre·

45 982 70 1050 ri
82 983 302 1075 enascuntur,
326 984 474 1073 florent,
500 983 922 1078 frenumquematurant,
945 981 1064 1058 infixe

43 1091 121 1151 terrae
137 1080 299 1171 duriori,
324 1081 476 1175 aprica,
501 1081 534 1156 u
553 1080 713 1178 groffiori
732 1083 841 1156 humo
860 1079 1038 1176 adspersu.

104 1215 132 1300 ς.
149 1209 288 1282 mm
340 1209 532 1286 SOLUM
550 1209 722 1284 stationes
748 1213 945 1306 plantarum
967 1231 1066 1284 eorm

41 1307 208 1396 pieib'tur⁹
241 1307 278 1380 in
303 1305 563 1382 Differtatione
589 1308 633 1381 de
655 1311 852 1384 stationibus
873 1309 1069 1382 Plantnrum

43 1423 134 1494 nuper
149 1403 341 1498 expolitas.
386 1403 475 1478 Duo
493 1419 612 1480 autem
628 1405 688 1480 hic
707 1403 940 1494 observanda,
963 1403 1065 1478 Tun·

48 1519 82 1572 ra
96 1522 220 1594 nempe
241 1502 275 1572 bt
293 1501 435 1574 Locus.

115 1641 145 1729 §.
162 1635 317 1720 XXVII.
375 1635 559 1712 TERRAE
574 1635 654 1712 sunt
667 1635 796 1724 Arena,
817 1636 966 1732 Argilio,
989 1633 1066 1710 Hu-

44 1753 107 1818 mu,
123 1737 234 1824 Crem,
250 1735 294 1808 ad
307 1734 551 1810 Ochramenim
562 1735 599 1808 in
609 1733 943 1808 Horticulturanon
953 1747 1068 1806 atten-

45 1829 138 1922 ditur,
164 1853 247 1906 tum
267 1831 332 1906 vix
351 1833 460 1906 ullam
477 1834 634 1925 plantam
655 1831 826 1924 proferat.
874 1827 1069 1906 Terrarum
1211 1890 1215 1900 .

46 1947 116 1999 nero
134 1943 421 2004 enumeratamm
435 1929 544 2003 variae
562 1927 641 2001 sunt
655 1931 830 2002 mixture.
868 1927 985 2028 Quam
1000 1925 1068 2000 sol·

48 2023 122 2098 iitite
134 2027 248 2101 herba
265 2027 434 2120 quelibet
450 2025 631 2121 propriam
644 2025 957 2118 requiratterram‚
976 2021 1068 2097 vidi·
1151 2095 1162 2112 ‚

53 2141 105 2192 nu
128 2125 295 2216 proxime
318 2122 546 2220 preteriapso
571 2143 669 2196 anno
690 2123 727 2195 in
744 2119 1069 2195 HortoAcademi·
1137 2131 1140 2136 '

57 2237 100 2306 σος
122 2225 310 2296 Cardarrrr'ne
326 2221 421 2296 enim
437 2223 608 2308 Lunarr‘a,
647 2219 751 2316 Spec.
768 2219 879 2314 plant.
895 2223 977 2309 656.
1013 2215 1065 2291 N.

55 2335 94 2403 15.
113 2319 147 2392 in
166 2341 258 2392 urna
275 2321 457 2412 plantata,
481 2318 578 2391 nuila
595 2317 758 2407 ratione,
781 2315 880 2391 omni
904 2317 990 2388 licet
1009 2311 1067 2386 ad·

48 2411 136 2488 biritu
152 2437 253 2507 eura,
277 2415 370 2512 adigi
388 2415 525 2510 potuit,
549 2429 590 2488 ut
605 2413 766 2512 vigeret3
795 2410 851 2487 sed
870 2413 1026 2488 simulac
1046 2433 1069 2484 a

45 2507 84 2586 N.
96 2511 139 2590 D.
162 2511 310 2587 Praesrde
327 2511 464 2608 Argiua
475 2517 625 2604 nilotica,
665 2513 758 2610 Mus.
781 2505 861 2608 Teff.
894 2528 970 2609 pag.
985 2533 1065 2584 100.

44 2607 84 2680 N.
93 2633 123 2698 5.
156 2611 194 2682 in
221 2609 408 2703 pulverem
433 2609 593 2700 redata,
623 2631 720 2684 urnae
747 2605 1070 2705 inspergebatur&

44 2725 116 2796 aqua
133 2705 249 2780 statim
274 2707 506 2800 irrigabatur,
532 2707 627 2781 intra
643 2727 778 2800 paucos
799 2705 897 2806 dies,
932 2725 1070 2782 novam

44 2803 153 2897 adepta
168 2805 303 2894 vitam,
329 2805 456 2878 floruit
476 2803 698 2897 [rubumque
720 2803 814 2876 tulit

111 2938 142 3026 §.
168 2929 339 3004 XXVIII.
390 2929 587 3004 ARENAE
602 2931 722 3003 multu
737 2927 816 3003 sunt
833 2925 987 3023 speciem
1009 2927 1070 3002 hie

43 3047 119 3099 rem
133 3029 285 3102 maxime
302 3025 509 3122 respicimus
523 3025 567 3100 ad
583 3017 626 3118 a)
642 3025 784 3100 Arenum
799 3029 953 3115 mobilem
980 3027 1067 3122 Syfi.

46 3125 114 3196 Nn.
135 3137 260 3222 prog.
287 3127 339 3200 N.
352 3149 384 3199 a.
398 3145 503 3216 3.4.,
540 3123 576 3198 in
597 3145 665 3216 qua
685 3138 789 3196 certae
810 3123 953 3196 aluntur
971 3125 1070 3216 plan·

46 3233 98 3308 te,
121 3238 159 3295 ut
176 3227 342 3320 spartium
350 3224 554 3320 scoparum,
569 3223 722 3324 ‚Elymus
739 3228 929 3308 arenarius,
966 3225 1070 3294 carex

47 3329 191 3406 armaria,
224 3321 390 3394 Dinntirts
412 3325 599 3404 arenarius,
636 3321 848 3413 Gnapnrtnm
868 3323 1069 3408 arenariam,

50 3435 108 3506 que
123 3417 188 3492 fine
207 3419 273 3490 hac
292 3439 398 3489 arena
412 3416 476 3488 vix
493 3407 701 3510 proficiunt.
719 3429 728 3436 ·

124 3524 166 3623 β)
198 3535 310 3608 Arena
321 3532 506 3622 farinacea,
544 3533 730 3626 Sysi.Nnt.
766 3547 842 3626 pag.
855 3539 936 3610 208.
973 3529 1023 3602 N.
1038 3549 1068 3604 1.

52 3647 158 3715 paucas
173 3631 287 3704 nutrit
303 3631 465 3723 plantas,
502 3649 578 3720 quae
600 3649 677 3702 non
696 3629 802 3702 etiam
825 3628 894 3698 alia
915 3624 952 3698 in
974 3640 1071 3700 terra

50 3725 207 3821 crescunt,
233 3741 274 3802 ut
290 3725 452 3820 inprimis
470 3727 572 3799 lieris
589 3729 791 3812 radicantis,
820 3723 980 3797 Artemone
996 3745 1070 3796 uer·

49 3827 135 3910 miim
169 3827 258 3900 hanc
275 3845 361 3922 ergo
380 3843 523 3898 arenam
545 3821 638 3896 ficco
654 3821 747 3916 pede
763 3835 952 3918 praetereo.

552 3937 625 4030 05
921 3925 964 4026 p)
980 3931 1068 4008 Are·
1127 4030 1129 4040 Ι
