2606 4748
306 169 414 277 aius
435 158 741 276 rotcausus.
784 247 798 264 .‚
979 219 1049 276 ,οι

108 503 192 582 laur
203 505 269 599 illa,
288 377 710 618 quaeinZooxlbgiatradi
723 502 852 596 solent,
871 451 1054 589 Molles

52 603 191 698 precipue
211 617 313 698 atque
336 604 481 700 ingenia
507 601 712 678 annualium
734 600 910 678 deletiare
935 604 1052 682 solent

52 701 166 774 lehoms
180 699 353 793 curiosos,
382 701 465 774 illos
486 721 638 810 nempe,
663 697 724 794 qni
741 697 827 776 huic
841 698 876 775 se
893 700 1052 780 scientie

46 821 99 872 ton
119 813 206 872 totos
222 797 417 887 dederunt,
442 795 501 872 sed
524 795 633 872 ammi
651 809 790 872 tantum
812 799 926 894 gratia
939 799 1051 876 histo·

41 895 107 968 riam
125 893 220 970 solum
236 897 352 970 oculis
367 907 567 992 pererrant,
592 893 637 968 de
653 893 841 990 principiis
858 895 1052 992 systemati·

38 995 75 1104 ris
90 1015 202 1086 parum
217 993 373 1106 solliciti.
423 991 473 1106 Et
487 992 605 1104 fateor
622 989 786 1104 equidem
800 993 1051 1108 ¹lnbentiliisnc,

33 1107 308 1281 izimsilhliss
328 1089 546 1264 illisit?
557 1087 1054 1286 ,lilltailslhhltt

32 1283 77 1356 sus
97 1285 129 1360 lu
145 1283 284 1362 infinitis
307 1285 425 1360 modis
441 1285 614 1372 variatam
632 1283 783 1376 supremi
801 1283 973 1364 Numinis
996 1289 1051 1365 in·

32 1381 242 1458 stitutionem.
292 1381 384 1458 Cum
400 1383 626 1458 occasionem
648 1402 724 1456 non
745 1381 951 1478 habuerim,
974 1385 1052 1462 hec

39 1481 205 1556 animantia
228 1481 264 1556 in
281 1482 399 1577 patria
415 1477 572 1575 ipsorum
590 1477 855 1571 confiderandi,
879 1479 931 1556 sat
945 1481 1052 1558 habe·

40 1575 194 1652 humores
213 1579 356 1653 illorum
372 1574 611 1668 domesticos,
634 1575 672 1652 in
690 1575 872 1674 hospitio,
896 1601 970 1674 quo
991 1579 1053 1656 illa

37 1675 226 1770 excipimus,
251 1675 464 1752 observatos
480 1673 554 1748 levi
570 1673 744 1769 penicillo
761 1673 982 1754 adumbrare.

112 1849 201 1920 (ihu
224 1844 369 1939 quidem
391 1843 513 1917 varius
538 1840 610 1932 cst,
640 1839 698 1916 sed
721 1864 767 1917 ex
789 1845 1052 1940 vegetabilibus

37 1951 132 2016 nmen
153 1941 227 2016 fere
249 1943 370 2018 omnis
395 1937 594 2031 desumtns,
624 1961 657 2013 e.
666 1959 700 2035 g.
732 1941 871 2014 Hordei
889 1965 998 2039 grana
1018 1944 1055 2019 br

39 2035 162 2132 smus,
193 2039 401 2131 Pulticula,
430 2037 537 2112 Panis
563 2035 623 2109 vel
648 2036 852 2114 masticatus
878 2042 938 2113 vel
962 2063 1053 2134 aqua

44 2137 170 2212 autlatie
188 2150 404 2227 maceratus,
427 2135 585 2210 Gramen
601 2153 729 2208 recens
744 2135 804 2208 vel
822 2135 964 2228 liceum,
978 2139 1052 2214 Da·

47 2227 317 2331 iiplisglomerata
334 2232 507 2328 imprimis
520 2229 726 2306 &Sonchus
740 2235 940 2326 oleraceus,
963 2233 1055 2310 Cora

43 2327 121 2420 bees,
153 2332 281 2424 Rami,
309 2331 414 2407 Folia
439 2331 629 2420 arborum,
660 2343 703 2402 ut
724 2329 883 2424 Betulae,
914 2331 1054 2408 Pini&

37 2425 169 2520 aliens,
200 2431 291 2504 solie
317 2429 502 2517 Lassata,
525 2423 683 2502 Brallicae
700 2425 790 2505 bre..
821 2428 968 2504 Vitium
993 2451 1053 2506 au·
1155 2457 1160 2470 ·

34 2536 86 2598 ten
105 2529 292 2602 hibernum
318 2524 518 2621 &quidem
544 2525 721 2620 optimum
745 2523 912 2621 praeliant
933 2525 1054 2604 Daucl

32 2621 143 2698 radices
167 2625 202 2698 ἃ
226 2625 422 2700 Frumenta
450 2623 563 2699 varia.
615 2623 724 2726 Quod
750 2623 1055 2702 horenhusen

30 2720 113 2793 nimis
135 2722 329 2796 alantur&
354 2720 517 2818 inprimis
535 2721 682 2795 Brassica
707 2720 906 2813 fimbriata,
935 2719 1053 2797 obsei·

33 2819 95 2889 raui
123 2821 297 2896 diarrhoea
325 2841 389 2892 eos
419 2817 655 2911 tolliquativa
681 2833 872 2912 correptos
900 2819 1052 2913 periisse.

29 2913 200 3011 Adeoque,
218 2932 259 2990 ut
272 2917 424 2991 secunda
441 2914 613 2989 valetudo
629 2915 865 3004 sustentetur,
890 2917 940 2990 ita
955 2915 1054 2992 insti·

33 3015 138 3088 menda
155 3013 350 3107 elidiata,
378 3029 422 3090 ut
434 3013 481 3110 iis
498 3011 675 3086 interdum
692 3013 916 3105 succulenta,
944 3014 1054 3088 inter·

32 3107 92 3184 dum
110 3113 200 3186 sicca
225 3113 485 3202 exhibeantur,
516 3111 584 3184 hos
601 3110 718 3200 enim,
749 3125 791 3185 ut
810 3111 846 3184 oz
865 3109 1053 3203 homines,

34 3209 162 3284 varietas
181 3207 344 3288 delectat.
382 3209 480 3282 Hinc
496 3206 606 3300 saepe,
630 3206 714 3282 dum
729 3207 945 3283 suavissimos
955 3207 1055 3284 Dau-

34 3301 55 3372 ti
68 3307 376 3398 gustantradices,
401 3328 487 3380 mox
505 3305 572 3378 hos
587 3305 797 3398 relinquunt
819 3306 958 3381 &sicca
981 3305 1055 3380 fru-

37 3407 117 3476 menti
136 3426 249 3502 grana
272 3403 469 3476 comedunt
482 3417 715 3496 appetenter,
741 3401 961 3496 vicilhmque
978 3403 1056 3478 haec

41 3493 239 3588 spernantur
266 3500 299 3572 br
323 3499 473 3575 Foenum
496 3499 555 3570 vel
579 3499 698 3573 aridos
724 3497 864 3595 stipites
895 3500 1054 3594 eligunt,

44 3591 85 3682 iph
103 3599 197 3694 quali
221 3611 347 3672 natura
375 3597 430 3670 his
454 3593 697 3685 monstrante,
729 3619 798 3690 qua
822 3598 966 3670 ratione
986 3597 1056 3670 alia

40 3691 88 3766 aliis
100 3694 292 3789 temperari
310 3695 475 3770 debeant.
526 3694 710 3806 Quocirca
729 3695 812 3768 darm
835 3697 976 3788 aptiora
994 3693 1055 3766 de·

39 3783 248 3882 linteamin,
276 3793 442 3868 Chartam
460 3792 667 3884 masticant,
691 3795 751 3866 vel
771 3791 900 3866 Vestes
925 3793 1054 3866 linteas

36 3881 195 3978 laneasve3
234 3891 350 3982 unde,
377 3891 456 3966 liin
478 3889 570 3980 aedes
589 3889 834 3984 recipiuntur,
858 3889 981 3964 sedulo
998 3886 1055 3960 .vl-

501 3985 540 4060 N
568 4009 588 4078 5
884 3984 1080 4077 dendum,·
1135 4023 1140 4030 ·
