2556 4742
242 283 314 356 rsa
502 256 703 336 CERVUS
742 255 1038 350 TARANDUS.

241 441 402 549 Quando
421 443 529 522 nimis
546 448 731 522 luxeuiant
749 445 879 541 sylva,
899 437 1129 541 ipse'Lappo,
1146 446 1212 522 nifi
1230 443 1274 522 fd

240 547 350 620 minis
366 545 457 620 tatto
478 549 736 620 comburantur
752 545 914 632 arbores,
932 567 994 618 eas
1010 547 1106 617 ultro
1123 543 1220 618 forte
1240 537 1274 620 al

240 641 387 733 cendit,
416 645 551 736 quippe
578 645 636 733 qui
664 645 779 736 probe
803 643 934 741 novit,
965 639 1159 717 consumtis
1176 643 1228 716 ita
1251 641 1274 714 al

239 740 325 836 igne
340 741 603 836 vegetabilibus
620 741 875 834 pinguiorique
888 740 1015 829 humo,
1032 742 1068 812 in
1086 761 1129 813 ea
1148 759 1274 833 quaere

239 838 417 930 linquitur
434 837 542 911 sterili
562 835 759 910 &exsucca
773 854 880 920 terra,
898 834 1154 935 rangiferinum
1168 837 1274 911 Licha

238 957 324 1010 nem
344 935 461 1008 firmas
479 935 634 1028 denique
651 933 789 1006 radices
808 935 964 1008 atlururn
983 934 1017 1006 bt
1033 933 1066 1006 se
1082 927 1274 1028 multiplici

239 1045 376 1119 turum,
398 1033 531 1106 etiamsi
551 1031 639 1105 VIII
656 1033 717 1105 vel
734 1033 766 1104 X
783 1053 958 1106 annorum
972 1053 1109 1106 moram
1122 1033 1274 1124 requirat

239 1144 432 1222 antequam
453 1131 488 1201 in
509 1129 631 1220 justam
648 1129 815 1204 staturam
830 1131 1043 1206 adoleverit.
1086 1127 1240 1203 Felicem
1257 1121 1274 1242 sl

239 1227 379 1320 judicat
390 1227 532 1319 Lappo,
551 1227 609 1298 cui
628 1228 744 1319 ampla
760 1225 838 1299 sunt
855 1228 887 1298 dr
904 1228 1008 1318 hujus
1017 1227 1185 1300 Lichenis
1201 1221 1274 1296 feru

103 1338 107 1350 '
238 1321 299 1398 cia
317 1323 473 1408 deserta3
498 1338 572 1395 turn
593 1323 689 1396 enim
712 1324 787 1396 haec
811 1338 911 1416 prata
936 1327 1014 1416 ejus
1033 1323 1127 1417 quali
1145 1305 1274 1394 nivibul

239 1419 376 1514 ubique
392 1419 546 1494 obducta
559 1421 698 1506 nitent3
723 1443 791 1494 nec
807 1423 995 1515 ingruente
1012 1423 1138 1516 hyeme
1152 1419 1184 1491 ei
1200 1435 1274 1510 opu

239 1517 316 1604 est,
342 1519 378 1592 in
393 1519 532 1591 horreis
549 1517 740 1591 collectum
758 1519 890 1592 habere
903 1518 1060 1608 Ioenum,
1086 1515 1182 1609 quod
1199 1511 1274 1589 hau

239 1615 348 1690 facile
366 1615 509 1710 gustant
527 1615 732 1710 Rangiferi,
758 1616 823 1690 nisr
844 1616 940 1689 forte
959 1615 1087 1709 Equile
1106 1635 1165 1686 um
1185 1607 1274 1686 fueril

142 1775 146 1781 .
240 1716 297 1789 Fl.
312 1715 418 1807 Lrpp.
435 1735 520 1807 393,-
543 1712 601 1786 sed
615 1711 851 1807 perrumpunt
862 1712 937 1785 hac
953 1733 1085 1806 pecora
1098 1710 1274 1784 nivenves

238 1811 308 1884 Iuti
330 1808 406 1884 sues
425 1809 591 1903 pascuum
607 1810 774 1895 mollius,
798 1810 906 1884 &sua
925 1807 1095 1884 industria
1115 1808 1274 1901 optimum

241 1907 304 1981 fibi
321 1908 498 2002 colligunt
513 1907 701 2000 pabulum:
720 1909 885 1981 nimirum
902 1929 972 1999 quo
989 1905 1147 1999 glacialis
1162 1901 1274 1990 trulla

242 2027 321 2097 quae
341 2006 463 2077 nivem
483 2004 641 2096 superius
659 2007 834 2100 contegit,
856 2005 924 2076 illis
943 2001 1203 2094 impedimento
1216 2013 1274 2072 noi

240 2102 353 2190 foret,
372 2115 491 2175 cutem
505 2101 627 2176 duram
642 2101 675 2174 ta
689 2101 782 2174 arne
797 2100 943 2191 corpori
960 2097 1126 2189 adfixam,
1144 2100 1181 2172 in
1192 2099 1274 2172 fron

241 2215 302 2288 te,
329 2200 474 2274 naribus
492 2199 525 2272 dr
543 2200 693 2293 pedibus
711 2195 975 2291 sapientissimus
1001 2211 1135 2272 natura
1154 2191 1274 2268 Auen

103 2325 105 2330 ’
240 2298 392 2382 tribuit,
405 2359 407 2368 .
421 2296 517 2371 unde
536 2297 643 2370 etiarn
662 2319 706 2370 ex
721 2297 776 2370 his
794 2295 955 2390 partibus
975 2295 1182 2389 rangiferinr
1200 2281 1274 2366 coril

243 2394 489 2469 conliciuntnr
505 2392 709 2467 tenacilhmi
730 2392 781 2466 illi
800 2392 926 2483 calcei,
944 2413 1035 2485 quos
1049 2391 1087 2464 in
1103 2389 1274 2486 pretion-

241 2494 333 2565 bent
347 2493 552 2584 Lappones.
607 2491 660 2562 ht
677 2494 699 2565 li
717 2490 909 2579 acciderit,
928 2488 1025 2583 quod
1043 2505 1161 2562 tamen
1178 2487 1274 2561 renui

242 2587 335 2662 solet
356 2589 514 2676 evenire,
533 2601 573 2660 ut
590 2588 701 2663 irruat
716 2589 875 2682 hyems(
876 2613 891 2661 c
893 2580 915 2674 )
933 2587 1168 2679 compluvia,
1186 2601 1274 2677 quam

243 2687 327 2781 gelu
350 2707 442 2758 mox·
463 2685 628 2777 indurat,
659 2683 897 2758 terrascrusta
926 2685 1068 2778 glaciali
1098 2677 1274 2764 obducitui

244 2783 386 2870 omnis,
409 2796 600 2875 antequam
619 2784 683 2858 nix
702 2783 898 2871 deciderit,
925 2784 963 2854 in
981 2803 1022 2854 ea
1040 2780 1214 2855 delitescit
1230 2773 1274 2848 Lil

244 2883 336 2955 chen
357 2876 481 2970 hicce,
500 2879 700 2971 summaque
721 2879 812 2952 adeo
831 2880 1011 2952 calamitas
1030 2881 1148 2953 oritur
1162 2871 1274 2968 Rangi

244 2978 326 3055 fero
346 2977 380 3049 &
398 2997 551 3051 annonae
570 2977 696 3050 infelix
721 2979 849 3052 caritas
865 2977 1052 3070 Lapponi3
1088 2975 1209 3070 quain
1228 2983 1274 3046 nel

244 3075 423 3164 celsrtatc,
443 3074 538 3147 aliud
553 3075 637 3148 huic
655 3075 829 3168 reliquum
848 3073 938 3148 nihil
956 3072 1027 3162 est,
1052 3095 1156 3167 quarn
1175 3087 1213 3144 ut
1228 3087 1274 3140 ve«

245 3172 356 3246 tollas
380 3173 508 3265 pinus,
538 3173 758 3244 Lichcnibus
781 3169 1010 3245 filamentosrs
1026 3171 1208 3266 gravidas,
1238 3164 1274 3239 st-

244 3271 324 3344 curi
349 3269 525 3358 succidae,
540 3263 681 3362 'parurn
709 3268 793 3340 licet
816 3269 1094 3357 sufficientibus,
1130 3269 1154 3346 fi
1176 3265 1274 3359 major

244 3389 333 3465 grex
355 3366 486 3454 fuerit,
515 3366 608 3438 fame
625 3367 812 3440 maximam
830 3379 967 3459 partem
985 3369 1175 3459 periturus.
1273 3373 1274 3418 ἲ

346 3465 465 3567 Quum
485 3477 625 3549 autern,
652 3476 691 3535 ut
710 3478 808 3556 patet
824 3486 869 3536 ex
888 3464 954 3553 iis,
979 3487 1055 3554 quae
1074 3477 1274 3536 commemo*

242 3560 425 3649 ravimus,
454 3559 527 3653 ipse
550 3561 611 3634 fibi
631 3560 741 3632 escam
769 3575 901 3650 querat
918 3561 1111 3655 Rangifer,
1135 3583 1208 3634 non
1225 3573 1274 3628 ne

202 3653 214 3700 '¹
244 3657 335 3731 celle
352 3657 401 3730 ell
419 3657 610 3750 lapponi,
636 3670 675 3729 ut
691 3658 854 3748 hyemale
874 3659 1041 3750 pabulum
1060 3658 1112 3730 illi
1130 3655 1274 3750 colligat.

242 3754 301 3830 sed
320 3769 360 3828 ut
375 3777 456 3828 curn
475 3774 581 3848 grege
600 3755 661 3828 suo
679 3755 922 3848 quotannis&
943 3755 1130 3848 quotidie,
1153 3775 1225 3924 noR
1239 3769 1274 3914 ἶ

1227 3871 1242 3918 a
1257 3863 1274 3912 e
