2642 4738
146 144 147 156 ¹
272 217 444 300 uLORA
486 213 752 296 ANGLICA.'
782 237 785 248 ’
981 209 1061 384 βᾶ

6 427 92 492 mtea
112 424 300 504 tempore,
328 409 388 483 sed
415 409 524 506 etiarn
545 418 589 482 ut
607 405 698 480 artis
722 401 846 501 gnari,
872 422 937 500 per
956 407 1033 502 ple·

6 533 117 602 raeque
131 509 303 604 regiones
317 506 498 600 Europe,
527 503 655 599 sponte
680 503 866 579 nascentes
890 508 1034 596 plantae

6 607 282 704 investigaverint
306 605 341 678 dt
369 602 660 685 enumeraverim
683 602 722 676 in
748 597 899 673 Libellis
923 603 1034 677 Floria

7 709 108 794 ditiis,
130 706 264 796 quibus
281 703 454 776 docemur
474 701 518 774 de
534 698 666 794 plantis
691 699 852 792 cujusvis
874 699 1036 797 regionis

6 803 138 898 propriis
160 813 225 874 aut
243 799 514 886 communibus3
537 795 633 870 unde
650 796 759 872 etiarn
776 795 902 888 ingens
927 795 1036 891 copia

6 903 182 996 plantarum
197 897 378 972 rariorum
396 897 505 972 hodie
519 895 630 970 evasit
646 891 785 968 detecta
800 891 1034 970 &notiffima

80 1039 269 1132 Ejusmodi
288 1040 416 1125 Floro,
438 1051 481 1112 ut
498 1036 743 1130 compendia,
772 1037 823 1112 ita
840 1038 936 1114 haud
956 1059 1037 1135 par·

6 1161 43 1212 ro
61 1137 196 1229 quidem
213 1137 296 1210 sunt
311 1133 462 1212 subsrdio
481 1135 635 1228 incolis,
662 1135 835 1228 aliisque,
861 1137 921 1230 qui
943 1137 1038 1210 intra

6 1234 142 1327 ejusdem
172 1233 336 1330 regionis
366 1233 487 1328 plagas
511 1232 667 1328 degent,
697 1231 909 1328 plantasque
936 1233 1038 1308 istius

6 1349 91 1404 terre
110 1333 171 1406 fibi
195 1332 396 1406 familiares.
418 1329 567 1408 reddere
578 1327 764 1425 ‘gestiunt3
803 1331 973 1426 deinceps
998 1332 1040 1406 iu

6 1429 64 1503 iuis
88 1429 204 1502 itidem
232 1427 360 1500 videre
377 1427 485 1516 licet,
511 1447 680 1522 quasnam
698 1425 731 1498 dt
749 1443 856 1520 quam
882 1429 1039 1503 diversas

7 1527 124 1617 pueris
139 1543 234 1602 terra
248 1526 376 1620 gignat
390 1524 638 1618 producatque
652 1524 814 1618 plantas,
841 1549 908 1620 pro
927 1529 1040 1600 ratio·

7 1643 47 1696 ue
63 1622 139 1716 fictu
167 1637 279 1717 atque
296 1624 384 1718 fiili,
422 1621 539 1708 unde,
579 1621 632 1700 uti
656 1621 883 1718 Regionum,
926 1626 977 1698 ita
1005 1623 1041 1696 u

6 1723 185 1893 pffimrdlm
203 1733 335 1797 mutua
351 1718 387 1792 dt
401 1719 495 1793 haud
512 1739 625 1812 parva
642 1717 846 1795 differentia
863 1722 1041 1820 originem

6 1835 16 1888 ι
75 1831 108 1891 at
140 1821 189 1894 ui.

91 1951 190 2028 Circa
222 1951 407 2046 ejusmodi
439 1952 554 2026 Floras
584 1951 711 2024 dolent
739 1952 907 2046 plurimi,
942 1950 1042 2046 quod

11 2049 122 2124 eedem
140 2053 276 2144 piantae
300 2071 321 2122 a
345 2048 491 2139 diverfie
511 2047 730 2122 Auctoribus
754 2049 821 2123 fint
844 2048 1042 2144 indigitare

14 2149 195 2221 numinibus
221 2145 317 2238 saepe
345 2143 601 2234 diversissimis,
644 2165 726 2218 cum
757 2142 836 2218 ediis
866 2146 1043 2238 placuerit

17 2241 309 2333 injunctions,
339 2242 418 2314 aliis
444 2263 534 2314 vero
558 2243 705 2319 alterius
729 2242 876 2322 nomina
897 2243 1043 2318 adhibe·

18 2359 69 2426 τες
87 2355 121 2414 ut
141 2343 215 2415 haec
240 2340 399 2424 numina,
419 2361 495 2426 non
514 2341 557 2412 ab
575 2340 677 2431 aliis,
702 2359 806 2432 quam
823 2338 891 2432 qui,
901 2341 962 2412 vel
988 2341 1044 2414 in·

14 2432 456 2533 strudiflimaffibliotheca
479 2435 653 2512 Botanica
678 2435 757 2512 sunt
773 2433 956 2528 instructi,
982 2439 1045 2514 vel

16 2533 105 2607 etiam
120 2537 223 2632 ionga
242 2534 471 2628 experientia
493 2535 530 2608 in
549 2547 626 2608 arte
642 2533 784 2609 demum
807 2533 951 2608 evasere
977 2535 1047 2612 do-

18 2627 146 2724 eiffini,
168 2635 278 2708 facile
297 2633 553 2727 intelligantur.

93 2765 234 2842 Mecum
261 2767 530 2856 consentientes
548 2768 615 2844 hac
641 2770 678 2844 in
702 2791 742 2842 re
761 2781 859 2842 certe
875 2768 1043 2864 habebo,

21 2875 177 2960 quotquot
186 2877 315 2940 carent
329 2861 499 2940 rariffimo
520 2867 615 2946 libro
630 2863 890 2956 Purlvuun
914 2867 1044 2942 liuha·

24 2965 63 3032 rr'o
77 2961 247 3040 recemiro
263 2961 382 3050 dium
406 2984 491 3057 ¹quo
511 2961 698 3038 destitutus
715 2964 887 3058 plurimas
903 2965 1046 3058 plantae

24 3057 149 3156 anglicas
169 3061 346 3154 seponere
369 3057 488 3140 debui.
512 3149 516 3170 Ι
710 3103 715 3116 ·

98 3179 187 3255 Huic
208 3184 343 3258 morbo
367 3183 475 3258 facile
498 3183 726 3258 mederentur
754 3181 841 3256 artis
865 3184 994 3277 periti,
1021 3185 1049 3261 fi

22 3291 126 3348 omnes
143 3281 245 3354 diora
268 3281 396 3354 iisdem
412 3283 621 3355 nominibus
637 3297 951 3374 proponerentur,
979 3282 1049 3357 cir·

23 3389 57 3438 ca
78 3375 204 3450 easdem
230 3379 394 3472 plantas,
418 3391 600 3471 tamquam
618 3378 802 3450 communi
825 3377 966 3472 lingua,
999 3401 1049 3452 ne

25 3483 97 3554 opus
113 3471 192 3546 ess‘et
207 3475 425 3568 unicuique,
450 3478 499 3547 ob
516 3497 652 3548 novam
671 3474 895 3548 &diversam
915 3478 1050 3550 'Horam

29 3564 172 3640 evolvere
186 3571 420 3666 synonyma,
451 3571 484 3644 e
502 3573 594 3666 quali
613 3591 751 3670 enovvo
768 3583 880 3645 artem
895 3571 1049 3646 addisce-

30 3675 76 3763 rc,
96 3660 143 3736 sed
156 3667 450 3762 dignoscerentur
466 3690 566 3762 aeque
588 3668 694 3742 facile
708 3667 872 3762 uomina,
891 3691 933 3744 ae
958 3669 1051 3744 indi·

33 3753 281 3856 uduejusdem
299 3765 429 3860 speciei
443 3769 668 3860 plantarum.
976 3805 977 3808 κ

104 3863 254 3965 Graciem‘
264 3888 375 3985 igitur
390 3887 427 3962 in
443 3887 511 3962 hac
516 3899 629 4060 1⁴parte
638 3884 835 3964 Butunices
854 3884 1048 3972 soluturus,

571 4005 593 4076 ς
959 3999 1048 4054 rto·
1069 4069 1079 4084 ,
