2678 4756
256 236 329 331 30⁶
398 224 774 357 auuoauaura
800 233 1170 322 tractabamus.

350 515 414 591 Est
429 516 502 590 hoc
519 531 674 610 tempus,
701 539 774 612 quo
790 521 1013 595 Helluatimu
1022 519 1208 594 vecordes
1223 521 1300 594 &li
1325 547 1326 558 ¹

246 619 439 699 cenriosos
459 615 625 688 homines
640 639 742 688 amnes
755 618 946 704 delectant,
971 641 1045 714 quo
1061 622 1305 714 compotatio

249 719 362 798 nibus
373 718 409 791 in
421 715 512 788 seras
529 727 641 806 usque
655 713 782 788 nobles
799 715 910 789 dediti
926 717 1123 811 suntquam
1141 721 1305 808 maxime,

255 837 329 915 quo
346 812 633 906 intemperantia
653 811 688 883 se
712 815 905 906 aliquando
925 814 1091 889 affeclum
1121 817 1167 889 iri
1184 821 1305 910 poenis

254 920 321 992 vix
338 914 510 998 credunt3
540 911 610 982 erit
635 925 754 984 tamen
776 911 953 996 ‚infaustus
969 913 1067 1001 dies,
1094 937 1171 1008 quo
1198 919 1248 990 lrae
1266 919 1300 992 in

124 1081 130 1101 ,
249 1035 390 1107 ,corpus
407 1009 548 1102 injuriae
565 1019 673 1099 atque
699 1009 905 1098 violentiae,
933 1012 1082 1086 Naturae
1100 1036 1229 1087 coram
1249 1017 1297 1088 tri

248 1112 362 1187 bunal
378 1109 622 1192 vocabuntur,
648 1108 820 1200 gravique
836 1107 1036 1201 pledentor
1054 1111 1206 1187 damno.
1243 1113 1298 1186 lta·

216 1215 218 1222 ’
248 1207 489 1304 bucmaxima
505 1205 619 1276 dantia
631 1200 817 1298 eliopeto,
837 1219 877 1279 ut
890 1207 1125 1282 calidioribus
1140 1209 1302 1302 spirituo

250 1311 367 1401 suque
385 1304 545 1400 potibus,
563 1300 779 1380 adolescenti
800 1305 974 1396 imprimis
989 1322 1108 1394 aetate,
1131 1307 1305 1382 abstinea-

253 1403 344 1482 mus.
374 1399 642 1494 Nouoptrsest,
661 1402 1106 1492 ucoleumigniaddamus.
1133 1405 1304 1500 Jamado·

247 1503 388 1578 'leidens
404 1500 437 1572 dt
454 1498 567 1572 labori
584 1498 708 1570 &otio
723 1499 772 1572 est
787 1499 1086 1578 assuefaciendus:
1108 1505 1184 1596 jarn
1204 1507 1304 1579 animi

244 1600 492 1699 corporisque
512 1610 605 1669 artes
622 1594 808 1685 exerceat,
834 1598 997 1691 justaque
1014 1599 1065 1674 illi
1084 1604 1307 1676 concedatur

247 1701 366 1795 ¹quies.
393 1697 470 1792 Jam
487 1694 523 1768 in
540 1693 667 1766 salubri
684 1694 842 1768 versetur
855 1703 938 1768 aere
954 1719 995 1770 ac
1007 1697 1228 1772 habitaculis
1237 1724 1307 1776 non

252 1799 401 1873 nimium
419 1791 586 1887 angustis.
639 1793 715 1888 Jam
739 1793 919 1884 jucunda,
947 1795 1037 1867 lactis
1058 1818 1142 1876 curn
1170 1801 1305 1888 amicis,

250 1890 672 1979 fruaturcousuetudiue,
695 1890 854 1985 quofiet,
873 1907 916 1963 ut
927 1892 1022 1966 iners
1034 1895 1156 1981 cibus,
1175 1895 1246 1969 line
1256 1919 1305 1970 ar·

250 1987 431 2076 temensa,
446 1991 566 2062 tenuis
579 2003 701 2081 potus,
722 1989 933 2080 tranquillus
946 1989 1101 2076 somnus,
1120 2011 1250 2067 motus
1261 1995 1304 2068 in·

249 2104 454 2182 terruptus,
488 2087 629 2162 castitas
646 2085 920 2159 &familiarium
939 2103 1038 2182 grata
1056 2092 1297 2180 conversatio,

249 2203 356 2282 etate
374 2184 575 2260 stabiliendi
598 2183 743 2258 roboris
759 2186 882 2280 ultima
904 2202 1044 2278 ponant
1058 2187 1299 2262 farndamenta

201 2285 212 2294 ’
247 2287 299 2362 'Et
316 2283 501 2380 postquam
521 2285 613 2355 banc
628 2279 775 2373 sequens
789 2279 938 2356 vivendi
953 2285 1132 2358 rationem
1152 2287 1302 2361 feliciter

250 2383 426 2466 adolevit,
447 2380 530 2472 qirid
542 2378 719 2452 firmatum
730 2380 807 2472 ejus
821 2379 996 2472 judicium
1007 2384 1143 2472 valeat,
1167 2383 1303 2460 demum

247 2480 469 2574 experiatur,
494 2472 703 2573 ingeniique
717 2470 780 2562 sui,
809 2495 979 2570 quantum
997 2477 1073 2552 fieri
1090 2483 1233 2572 potest,
1254 2485 1303 2558 in-

249 2577 374 2651 tendat
397 2589 555 2660 nervos3
587 2567 814 2666 &acquina
842 2577 1010 2670 corporis
1038 2577 1132 2670 justa
1162 2581 1305 2670 liotore,

247 2671 385 2767 majora
397 2671 652 2763 nobilioraque
668 2671 775 2742 animi
791 2671 1046 2746 meditamenta
1063 2673 1194 2750 scdulo
1208 2678 1307 2752 sedic-

246 2783 305 2846 tut
324 2767 445 2872 noster
462 2765 691 2860 adolescens,
720 2785 781 2840 aut
793 2785 894 2940 irum'
924 2786 986 2846 aut
1004 2795 1209 2866 nunquam.

213 3018 218 3031 .
341 2958 475 3047 Diaeta,
496 2956 759 3038 srcfirmisnixa
774 2965 1047 3058 experimentis,
1067 2965 1203 3040 adduo
1213 2971 1306 3042 vale·

240 3058 696 3158 budinisducitprincipia,
718 3067 870 3153 quorum
883 3063 1129 3156 ptiusnervis,
1146 3067 1304 3158 Vitaler,

243 3155 438 3256 posterius,
457 3155 578 3230 solidis
593 3179 671 3230 cum
689 3159 820 3246 fluidis,
847 3161 1042 3233 Naturales
1059 3161 1304 3238 efficientibus

243 3256 462 3339 functiones,
482 3255 704 3330 continetur.
744 3257 807 3327 lle
826 3280 888 3348 ner
904 3258 1043 3330 diaetam
1061 3259 1304 3335 sustentantur
1325 3287 1326 3314 ¹

242 3353 470 3432 functiones:
495 3371 642 3446 quarum
652 3353 898 3449 Vitalesaegre
913 3357 1171 3451 corriguntur3
1200 3361 1301 3432 facile

243 3473 349 3537 vero,
372 3449 582 3537 vitauimia,
598 3447 748 3543 vigiliis,
768 3453 877 3524 animi
887 3449 1120 3544 pellionibus,
1138 3456 1302 3530 lucubra-
1325 3457 1326 3524 l

243 3547 429 3636 tionibus,
454 3550 792 3640 compotationibus
809 3549 1027 3642 spirituosrs,
1052 3549 1299 3628 debilitantur.
1325 3549 1326 3560 ’

241 3644 460 3735 Naturales,
484 3659 643 3717 utmotu
663 3647 887 3720 &alimento
913 3647 1231 3742 corroborantur,
1258 3653 1299 3724 ita

241 3747 364 3841 quiete
384 3741 643 3815 labefailautur
664 3742 695 3813 dr
719 3744 850 3819 inedia.
903 3747 969 3818 Hae
996 3759 1038 3819 ut
1059 3745 1183 3838 sartae,
1209 3747 1298 3842 apud

240 3840 425 3921 nobiliora
444 3837 633 3925 ammaim,
664 3839 850 3914 serventur
871 3855 979 3936 atque
1001 3843 1178 3939 integrae,
1211 3847 1295 3918 cluot
1325 3911 1326 3940 ζ

242 3940 433 4028 custodes,
467 3936 617 4008 odorem
641 3940 808 4011 nimirum
838 3939 1077 4036 baianorum,
1102 3941 1289 4037 praesertiu
1325 3979 1326 3988 κ

237 4034 569 4132 eircaingerenda,
597 4034 738 4110 Natura
752 4036 887 4132 posuit.
1134 4041 1292 4117 LXXII.
1325 4053 1326 4078 l
