2602 4750
170 300 172 308 y
224 223 294 308 498
369 197 743 280 FUNDAMFNTA
770 201 1137 286 VALETUDINIS.

225 403 282 475 los
307 394 398 479 δια,
437 389 567 482 quibus
596 402 849 480 coagmentata
877 387 928 462 est
953 387 1073 462 nostra
1103 391 1268 480 machina,

226 500 408 576 formant3
433 490 611 560 elementa
629 507 719 556 vero
739 505 816 557 non
833 507 935 579 aque
950 485 1096 590 Fortiter
1113 491 1152 562 in
1173 489 1272 586 linga

226 597 269 670 lis
294 590 502 664 combinata
530 585 621 672 elle,
647 582 822 675 quilibet,
852 585 912 676 qui
935 588 1144 658 accuratius
1170 587 1277 662 Natu-

225 712 301 768 ram
325 685 503 782 pensitat,
538 683 714 755 inveniet.
777 679 942 754 Mentem
968 683 1131 757 nostram
1156 688 1280 760 clarius

226 787 351 863 bacin
375 786 418 856 re'
432 797 471 855 ut
487 801 731 874 exponamus3
758 777 951 852 humanam
974 781 1183 856 machinam
1202 805 1280 858 cum

225 888 390 960 Textura
412 877 721 970 comparabimus,
754 899 857 968 quam
875 873 1044 954 lanificiis
1072 879 1202 954 Parcas
1220 883 1278 956 vel

183 1053 189 1073 ,
225 981 446 1059 firmioribus
468 977 526 1046 vel
546 975 775 1048 tenuioribus
794 973 993 1048 contexisse
1013 974 1087 1050 filis
1105 977 1273 1053 fabulatur

225 1071 634 1172 antiqnirnsjqnamque
650 1093 731 1145 cum
749 1073 853 1146 annis
869 1073 1013 1148 tandem
1028 1079 1178 1150 conteri
1189 1077 1271 1150 vile-

224 1201 314 1255 mus.
370 1174 501 1247 lisdem
517 1169 567 1243 est
585 1173 680 1243 ratio
695 1173 861 1262 corporis
880 1171 1046 1261 bomani,
1072 1175 1197 1266 quod,
1218 1175 1271 1248 ul

225 1277 396 1355 similibus
406 1269 630 1362 compartum
645 1266 729 1352 filis,
753 1269 844 1342 haud
864 1270 996 1362 dispari
1016 1271 1131 1344 modo
1147 1272 1275 1346 diuma·

225 1395 309 1452 num
337 1371 612 1458 violentumque
637 1365 734 1438 usum
763 1367 902 1460 perpeti
924 1369 1063 1458 nequit.
1117 1370 1275 1444 Ulterius

225 1495 358 1564 corpus
375 1467 536 1542 noilrum
551 1463 645 1537 baud
663 1464 862 1558 incongrue
878 1463 1083 1539 affimilatur
1096 1469 1198 1556 telae,
1224 1469 1277 1540 du

225 1573 310 1670 plici
339 1569 481 1642 illorum
513 1584 645 1658 genere
671 1561 911 1653 composrtoe‚·
929 1563 1070 1638 Nervis
1095 1566 1276 1656 nimirum,

226 1671 285 1765 qui
310 1666 426 1759 ‚ipsum
458 1677 610 1733 texturae
643 1659 1053 1748 transmaritimum,
1087 1662 1125 1735 δι
1150 1663 1276 1752 Fibris,

224 1789 302 1862 qua
325 1766 581 1846 intertextum,
609 1758 702 1830 inter
727 1757 875 1830 stamina
898 1759 1150 1850 implicatum,
1175 1761 1276 1834 effici·

222 1879 311 1949 unt;
352 1861 423 1930 lroc
453 1858 476 1930 si
504 1856 615 1930 fuerit
638 1854 890 1946 firmillimum,
923 1857 1010 1928 illud
1035 1881 1131 1931 vero
1159 1875 1272 1950 tenue,

222 1960 317 2037 baud
341 1961 454 2050 longo
482 1954 543 2027 usu
570 1954 760 2040 subteritur
784 1955 867 2025 tela.
926 1953 1106 2050 Corporis
1135 1957 1274 2031 humani

221 2041 422 2136 nervisunt
437 2052 508 2145 ipsa
525 2053 655 2125 virium
677 2053 846 2138 stamina3
871 2050 969 2125 libra
987 2071 1108 2128 autern
1132 2053 1272 2130 stamina

221 2159 309 2230 vitae
336 2151 574 2227 constituunt.
637 2150 786 2222 Viribus
814 2149 1004 2224 exhaustus
1030 2151 1066 2223 bt
1088 2154 1271 2250 languidus

222 2271 299 2330 eam
322 2258 371 2326 ob
387 2249 537 2325 caullam
554 2261 693 2322 atatem
714 2246 774 2318 din
795 2269 993 2343 prorogare
1013 2250 1157 2342 potest,
1182 2249 1271 2344 quod

222 2357 300 2448 ejus
335 2350 483 2443 systema
515 2345 707 2419 nervosum
740 2345 833 2417 bene
868 2345 909 2419 fit
944 2346 1207 2436 constiturum
1241 2363 1273 2420 at

118 2471 123 2483 ⁸
182 2477 184 2484 ·
221 2453 305 2525 ideo
339 2453 463 2520 tamen
492 2443 732 2517 musculorum
767 2444 911 2516 roboris
946 2457 1053 2537 atque
1085 2445 1273 2518 soliditatis

219 2569 348 2641 expers
373 2544 424 2618 est
448 2565 551 2635 quam
579 2539 776 2634 sapiffime:
811 2556 961 2629 contra,
996 2545 1057 2634 qui
1084 2543 1272 2638 compailo

217 2645 389 2720 fibrarum
406 2641 593 2736 systemate
611 2641 764 2734 gaudet,
786 2640 918 2711 virium
944 2641 1109 2713 vitalium
1136 2642 1272 2715 defecta

216 2745 382 2819 laborare
399 2761 507 2832 atque
524 2739 597 2810 levi
617 2739 768 2829 quadam
781 2738 898 2810 morbi
916 2735 1149 2812 motiuncula
1164 2753 1273 2813 tenta-

216 2859 289 2934 tus,
316 2839 409 2916 haud
431 2859 514 2910 raro
529 2836 684 2929 opprimi
708 2847 816 2928 atque
833 2833 992 2910 consumi
1013 2835 1150 2929 potest.
1203 2837 1271 2910 Ha·

215 2944 273 3037 jus
293 2940 343 3014 rei
362 2935 513 3011 caullam
536 2935 599 3025 qui
621 2933 788 3006 invenire
810 2935 911 3023 vult,
937 2933 1092 3030 primurn
1122 2949 1271 3009 textura

214 3035 383 3130 corporis
404 3031 675 3106 fundamentum
699 3046 807 3124 atque
829 3029 1134 3126 compolitionem
1156 3034 1269 3115 adeat,

214 3137 317 3228 cujus
334 3129 476 3204 initium
493 3131 530 3201 in
548 3129 784 3222 generatione
802 3127 1000 3222 reperitur,
1027 3126 1114 3203 finis
1128 3149 1223 3204 vero
1237 3131 1272 3204 in

213 3227 466 3306 adolescentia.
512 3226 733 3299 Perdiilicilis
752 3229 847 3300 enim
868 3225 1017 3319 quaestio
1032 3226 1268 3326 Physrologos

211 3330 328 3404 adbuc
349 3341 519 3418 torquet,
545 3345 591 3396 an
618 3325 737 3418 plures
763 3322 862 3398 libra
887 3325 925 3399 in
947 3324 1071 3398 adulto
1097 3347 1268 3419 generen-

211 3443 290 3515 tur,
319 3447 422 3516 qnam
453 3423 591 3518 qua-in
621 3423 824 3513 embryone
849 3421 947 3494 sunt:
991 3421 1174 3498 Crescunt
1197 3424 1266 3518 qui·

210 3526 305 3610 dem,
326 3521 529 3617 justumque
547 3520 722 3609 temporis
739 3519 889 3613 spatium
908 3521 1112 3612 requirunt,
1133 3535 1177 3594 ut
1194 3526 1263 3596 lou·

150 3627 154 3639 '
208 3622 408 3718 gitudinem
425 3620 540 3704 snam,
568 3617 714 3690 &forte
730 3616 1014 3708 ualitudinem,
1045 3618 1264 3714 consequan-

207 3736 286 3808 tur;
315 3721 368 3802 ἃ,
394 3720 480 3791 licet
501 3720 634 3800 homo,
662 3714 849 3809 postquam
876 3715 918 3790 ad
944 3716 1103 3790 debitam
1127 3715 1263 3790 statum

205 3817 465 3914 proceritatem
488 3813 675 3903 excrevit,
701 3811 904 3906 crassescat,
930 3814 1125 3910 opinamur
1146 3828 1261 3895 tamea

204 3915 375 3994 fibrarum
397 3911 735 4012 interstitia-potius
756 3913 912 4008 repleri,
940 3933 1047 4008 quam
1064 3933 1126 3990 eas
1149 3914 1258 3988 incre·

581 4029 585 4038 '
1141 4021 1257 4088 ment!
