2606 4748
252 223 327 293 ,14
396 172 811 278 nourrcutrunn
834 186 1155 320 renuentem
1283 289 1284 296 Ν

254 379 473 466 instituitur,
497 380 721 453 manifestum
743 381 805 453 est.
861 380 959 454 Hinc
976 379 1012 451 in
1031 377 1284 470 terrisEuropu

252 477 538 551 Aullralioribus
565 478 597 549 u
622 478 854 550 calidioribus
877 479 1005 551 hortos
1030 476 1201 548 instrucre
1226 488 1284 556 tam

253 575 360 647 facile
381 575 451 656 est,
480 597 584 668 quam
606 575 699 648 idem
722 575 758 648 in
777 575 986 647 borealibus
1009 573 1195 666 &frigidis
1213 571 1284 652 diffir

254 673 334 743 eile.
387 675 460 772 Qui
483 675 589 765 igitur
607 674 699 745 hanc
717 689 826 744 artem
847 674 916 744 rite
936 671 1036 763 cupit
1050 669 1241 750 addiscere,
1257 669 1284 748 iu

252 769 359 842 terris
386 770 632 864 frigidioribus
658 769 918 842 Hortieulturae
940 767 1102 854 studeat,
1129 765 1284 842 netellam

210 868 217 890 '
254 867 316 940 est.
368 868 421 938 Ut
447 890 536 939 vero
563 868 827 940 Horticulturee
851 868 945 939 inter
971 865 1139 939 scientias
1163 861 1284 944 nobiles

252 964 333 1038 suus
360 967 580 1056 relinquntur
606 965 730 1052 loeus,
771 965 882 1038 firmis
907 965 1032 1055 utique
1058 958 1284 1055 principiis&

252 1061 494 1135 fundamentis
508 1060 558 1134 est
574 1061 851 1154 superstruenda.
883 1061 1170 1134 Fundamentum
1185 1073 1284 1128 auteur

253 1157 503 1231 desumendum
522 1159 572 1230 efl
590 1182 609 1230 a
628 1159 774 1232 scientia
789 1160 984 1245 Botanica,
1013 1179 1092 1249 quae
1111 1178 1192 1229 euru
1208 1155 1284 1228 Hor-r

253 1257 424 1329 ti'eultura
441 1256 621 1329 arflifsune
637 1279 804 1330 connexa
822 1257 893 1344 est,
922 1277 1003 1329 cum
1022 1270 1176 1347 utraque
1192 1247 1284 1324 verse-¹

252 1367 311 1426 tur
329 1355 424 1426 eirca
445 1355 597 1447 plantas,
616 1368 784 1446 tanquam
798 1375 989 1428 commune
1006 1352 1201 1444 objee‘lum.
1224 1347 1284 1418 riu-2

252 1451 384 1537 atores,
404 1466 496 1542 quot
515 1453 550 1524 in
568 1452 639 1524 hoc
655 1471 866 1546 argumento
883 1454 1046 1524 invenire
1061 1450 1184 1542 potui,
1204 1445 1279 1518 fedu·

251 1548 290 1621 lo
310 1549 452 1634 evolvi,
472 1549 561 1620 utin
579 1549 699 1640 aliquo
715 1549 832 1621 saltem
850 1553 992 1640 illorum
1008 1549 1124 1640 prirua
1139 1545 1224 1638 quasi
1237 1555 1284 1610 rel

251 1644 353 1738 stigia
368 1646 578 1738 reperirem,
597 1669 674 1738 quae
691 1646 865 1720 ducerent
879 1646 921 1717 ad
937 1662 1031 1718 certa
1047 1641 1233 1734 ejusmodi,
1248 1637 1284 1722 del

252 1744 382 1835 quibus
396 1743 600 1834 loquimur,
620 1744 808 1838 principia.
850 1744 952 1816 Nihil
970 1758 1087 1814 autem
1108 1761 1215 1833 penes
1230 1737 1281 1808 hos

253 1861 379 1912 omnes
403 1841 645 1932 deprehendi,
672 1842 768 1932 quod
791 1842 825 1914 in
844 1843 967 1914 haere
988 1840 1062 1912 usui
1082 1839 1170 1912 mihi
1191 1836 1279 1916 foret,

252 1950 382 2032 praeter
399 1939 541 2012 unicam
563 1937 657 2034 illam
675 1938 979 2030 observationem,
1000 1937 1100 2009 auis
1113 1935 1284 2026 Regum-¹

253 2034 628 2108 demiaescienuarum
651 2058 755 2130 1739·
778 2061 796 2110 a
817 2035 866 2109 N.
887 2036 932 2108 D.
958 2034 1105 2108 Praefrde
1128 2032 1278 2104 insertam.

252 2129 395 2206 Etcum
415 2133 490 2206 hec
507 2133 619 2206 dubio
636 2135 762 2228 procul
778 2133 979 2227 suppeditet
992 2128 1280 2225 prestantiffimn

252 2231 352 2306 simul
372 2253 413 2302 ac
430 2229 665 2305 solidiffimum
710 2231 915 2324 rincipium,
940 2231 1147 2324 Speeimiue
1164 2226 1195 2298 id
1207 2223 1278 2296 ner·

253 2327 397 2400 demieo
417 2329 538 2420 paullo
565 2253 744 2421 copioiius
765 2332 956 2422 explanare
978 2326 1174 2416 constitui,
1199 2333 1284 2414 quau*

254 2423 293 2498 in
310 2425 414 2497 brevi
434 2425 494 2498 illa
513 2425 768 2500 observatione
785 2426 956 2518 explicari
977 2425 1111 2517 potuit.
1133 2435 1136 2454 ¹
1283 2513 1284 2528 χ

253 2549 1273 2586 .................,..................-

486 2665 681 2756 eneuT
717 2675 1076 2752 sucuuouu.

257 2811 403 2904 §.xus
522 2817 734 2887 ortieultura
765 2811 916 2887 nonest
944 2812 1005 2886 nisr
1024 2823 1159 2884 naturae
1187 2799 1275 2908 iulii·

571 2914 642 2984 trix
678 2915 714 2984 in
748 2911 1009 3005 vegetabilibus
1047 2895 1275 3000 producendu-

257 3006 355 3080 Huic
372 3009 480 3103 igitur
502 3011 655 3104 negotio
677 3009 867 3100 apt-illrmus
887 3006 959 3094 est,
986 3007 1045 3098 qui
1067 3003 1200 3097 optime
1219 3011 1275 3086 pet·

258 3103 373 3196 spexit
390 3120 550 3180 naturam
567 3108 836 3199 vegetabilium,
863 3104 1092 3194 modumque,
1111 3119 1181 3194 quo
1196 3091 1276 3194 spou-

257 3215 295 3272 te
321 3221 578 3297 procreentur,
610 3203 861 3277 educentur&
882 3201 1139 3285 maturescant,
1172 3185 1275 3264 intell·

258 3299 320 3392 git.
364 3303 590 3397 Vegetabilia
610 3302 644 3374 in
664 3323 796 3395 genere
814 3300 1116 3392 contemplantes,
1139 3287 1274 3398 observa·

257 3399 546 3472 museorundem
568 3397 707 3472 diversa
726 3397 793 3470 else
810 3399 890 3470 loca
912 3396 1064 3467 natalia:
1096 3412 1173 3464 nam
1188 3405 1219 3456 ιιι
1233 3397 1284 3448 ιιΗ

258 3497 340 3570 lidis
364 3500 452 3584 alia,
497 3498 566 3568 alia
593 3499 628 3571 in
652 3496 789 3589 frigidis
819 3493 1080 3587 progignuntur
1107 3485 1221 3568 terris,
1250 3470 1284 3540 &¹

257 3593 452 3685 utrobique
469 3587 589 3668 omnia
603 3597 702 3687 juxta
721 3593 926 3665 seinvicem
946 3611 1021 3664 uon
1041 3563 1272 3684 crescenti·sed

259 3693 539 3786 unumquodque
561 3692 767 3785 aptissimum
791 3691 851 3762 libi
876 3689 1000 3778 deligit
1022 3687 1133 3759 fnum.
1180 3667 1270 3748 Disse·

257 3803 343 3864 runt
360 3791 466 3885 igitur
487 3791 617 3884 plantae
638 3787 781 3862 ratione
801 3785 923 3858 Connr
947 3785 979 3856 u
999 3784 1104 3856 Sotr.
1153 3777 1269 3860 ltaque,

258 3908 332 3979 quo
349 3887 504 3962 feliciter
522 3889 600 3981 quis
621 3886 822 3984 vegetablia
838 3884 952 3974 eolat,
977 3895 1059 3956 aute
1078 3862 1271 4042 omnigesggsg
