2690 4722
229 181 276 270 ts
359 205 365 222 ·
474 153 715 258 censura
749 175 1064 260 stupuerunt.

227 367 311 448 ¹dam
329 371 426 445 usum
440 369 643 467 Medicum,
655 369 999 462 inPbarmacopolia
1014 366 1321 442 introduxerunt

231 472 460 546 recentiores
480 469 642 557 Medici,
671 485 817 559 quarum
840 468 1033 540 utilitatem
1042 465 1207 541 Theotia
1223 486 1325 540 non

229 568 370 660 solum,
398 566 455 642 sed
477 568 510 639 ἂ
530 566 768 662 Experientia
789 565 1060 661 comprobavit.

684 741 719 826 s.
774 734 842 808 1v.

312 853 486 928 Erroneae
505 852 539 924 &
555 850 805 946 superstitiosae
827 852 918 944 iile,
934 873 1031 944 quas
1050 851 1188 928 Medici
1210 851 1316 928 oiim

231 955 277 1026 de
303 953 444 1025 influxu
464 954 613 1024 Siderum
639 949 675 1022 in
696 949 860 1038 Plantas,
896 950 940 1022 de
961 953 1140 1040 Signeteera
1164 968 1317 1025 externa

230 1051 266 1126 bt
286 1073 362 1143 quae
382 1048 462 1122 sunt
481 1048 641 1140 reliqua,
666 1047 843 1120 foverunt
860 1046 1065 1136 sententiae,
1091 1051 1200 1121 certis
1219 1050 1316 1123 her-

131 1148 136 1161 “
230 1150 311 1232 bis,
345 1149 381 1220 in
408 1146 516 1218 certis
542 1143 706 1218 sanandis
732 1146 891 1232 morbis,
919 1146 1024 1220 aliam
1049 1148 1314 1241 majoremque

232 1247 476 1320 attribuerunt
494 1243 569 1316 vim
592 1243 626 1316 te
643 1243 859 1334 efficaciam,
885 1265 1074 1336 quamque
1092 1266 1221 1318 revera
1244 1245 1312 1320 in·
1332 1333 1333 1336 Ἴ

157 1387 162 1400 ·
229 1328 371 1421 statute
396 1343 555 1415 fuerunt.
615 1341 665 1414 Et
688 1343 750 1414 bas
775 1353 1049 1434 praeconceptae
1075 1344 1310 1436 opiniones,

232 1442 460 1534 aliorumque
481 1439 563 1511 data
582 1441 769 1528 exempla,
797 1452 867 1511 tam
891 1438 1010 1510 valida
1029 1438 1132 1513 sitisse
1153 1443 1309 1535 experti

231 1541 371 1624 sumus,
405 1551 445 1610 ut
467 1538 652 1611 nonnuilae
679 1536 811 1623 Seciae,
853 1536 1121 1611 Medicamenta
1147 1560 1309 1631 quoque

230 1637 437 1723 Hermen,
473 1656 549 1729 eg.
587 1635 729 1731 Opirem',
760 1637 1036 1727 Mandragaeum,
1070 1639 1309 1710 Chia-Chim

233 1742 380 1810 cae-tieem
402 1734 544 1829 aliaque
567 1732 861 1826 proscripserint,
888 1733 1091 1825 horumque
1112 1734 1149 1807 in
1172 1735 1308 1809 locum

231 1835 332 1909 nulla
352 1833 435 1918 alia,
460 1853 565 1924 quam
584 1830 746 1924 insipida,
769 1829 939 1926 inodora,
960 1831 1106 1918 inertia,
1128 1833 1307 1908 oleraeea

232 1931 268 2004 ἃ
290 1929 433 2014 effoeta,
472 1949 549 2022 eg.
580 1932 820 2022 Beaeabunga,
848 1930 983 2002 Bellidis
1008 1929 1166 2002 Herbam
1191 1931 1305 2004 alias·

234 2051 305 2122 que
321 2027 532 2102 substituere
550 2027 618 2099 fint
634 2025 717 2100 ausi.
768 2026 909 2100 Annon
928 2027 1051 2119 itaque
1069 2027 1305 2120 experimen·

232 2141 272 2200 ta
294 2149 313 2199 a
335 2125 444 2198 medii
470 2125 538 2196 tevi
560 2124 716 2198 Medicis
742 2123 927 2214 instituta,
956 2125 1063 2220 digna
1082 2124 1182 2214 sunt,
1216 2149 1305 2219 quae

232 2223 480 2300 severissimam
502 2222 650 2297 subeant
675 2221 879 2314 censuram,
906 2222 989 2296 dum
1008 2244 1084 2296 non
1110 2223 1174 2297 nisa
1194 2245 1304 2298 com·

231 2324 350 2418 posita
375 2325 573 2416 longasque
606 2321 847 2394 remediorum
874 2320 1048 2393 formulas
1075 2319 1301 2415 praescripse-

104 2433 110 2463 '
233 2437 344 2509 runt,
371 2442 453 2492 cum
478 2431 596 2491 tamea
609 2419 755 2511 Species
777 2418 987 2492 morborum
1013 2418 1055 2490 ad
1073 2418 1219 2512 Genera
1238 2442 1302 2496 re·

234 2517 354 2607 ferre,
380 2515 510 2590 nedum
529 2537 589 2589 eas
605 2538 627 2589 a
643 2515 675 2588 se
693 2515 853 2590 invicem
871 2514 1089 2610 distinguere
1104 2518 1302 2610 noverint,

233 2615 323 2688 licet
362 2612 497 2706 species
533 2613 680 2687 diversae
716 2613 822 2686 unius
856 2614 1088 2708 ejusdemque
1125 2617 1301 2710 generis,

234 2710 432 2807 agnoscant
448 2710 567 2784 causas
587 2714 696 2806 longe
717 2711 983 2798 diversissimas,
1009 2726 1048 2786 ut
1063 2734 1134 2786 una
1154 2714 1301 2790 eadem·

233 2831 306 2910 que
321 2809 500 2883 medicina
518 2825 674 2902 nequeat
692 2813 813 2881 valere
831 2810 967 2901 semper
984 2809 1019 2883 in
1038 2810 1166 2882 eodem
1185 2832 1302 2906 gene·

233 2930 287 2982 re.
339 2907 374 2980 Si
399 2907 519 3001 itaque
538 2907 760 2981 Medicinam
787 2907 828 2980 ad
854 2907 1113 3002 perfestionem
1136 2929 1301 3000 unquam

134 3096 137 3109 Ι
209 3004 449 3078 ·adscendere
467 3019 631 3097 oportet,
650 3008 735 3096 boc,
758 3022 798 3078 ut
814 3006 1031 3101 principium
1050 3007 1083 3076 br
1103 3008 1161 3079 lex
1178 3004 1302 3082 sanste

232 3101 429 3193 servanda,
457 3101 783 3178 assumendumest:
813 3108 940 3200 Species
963 3108 1141 3176 mardorum
1162 3109 1300 3202 interse

233 3225 327 3296 quam
350 3199 575 3297 accuratiffime
597 3204 844 3297 distinguenda,
872 3227 927 3276 nee
952 3203 1012 3294 nist
1022 3203 1186 3298 stmple'cie
1209 3220 1300 3298 peae-

224 3299 401 3398 scribenda
428 3298 675 3372 Medicamenta.
739 3299 889 3374 Interim
919 3301 1012 3373 hanc
1037 3314 1168 3372 metam
1191 3301 1299 3393 prius

231 3397 330 3470 forte
350 3395 526 3489 attingere
546 3419 621 3470 non
638 3397 784 3484 iicebit,
812 3421 916 3492 quam
935 3397 995 3470 usu
1013 3412 1200 3490 receptum
1219 3399 1300 3471 fue·

232 3493 295 3584 rit,
313 3516 387 3594 non
404 3494 466 3566 nisi
486 3493 703 3587 ssmpiicibus
719 3496 847 3587 solum,
870 3511 1041 3589 quantum
1061 3494 1139 3612 speri
1158 3494 1298 3588 potest,

229 3592 286 3663 uti
307 3591 598 3665 Medicamentis.
649 3594 832 3697 Quasdam
854 3593 963 3669 etiam
989 3593 1054 3665 hac
1075 3617 1110 3666 m
1129 3615 1168 3665 re
1187 3591 1298 3666 babe-

231 3711 311 3763 mus
337 3690 594 3784 praerogativas
621 3691 806 3765 vetcribus
834 3693 999 3788 ignotas,
1029 3694 1132 3784 plura
1156 3687 1298 3766 scilicet

231 3789 480 3880 experimenta
505 3783 734 3880 &majorem
759 3789 804 3862 de
833 3790 1065 3865 affinitatibus
1088 3791 1297 3884 plantarum

230 3885 498 3981 cognitionem,
525 3886 743 3981 tandemque
760 3889 907 3964 uberius
924 3886 1177 3984 percepimus,
1205 3909 1296 3977 quo·

643 3977 647 3994 '
1179 3985 1296 4060 modo
