2642 4738
242 235 442 318 cantms
474 236 773 318 sannunus.
969 199 1038 338 14,

39 432 138 508 liciues
161 427 324 504 censendi
350 427 438 516 sint,
468 428 529 522 qui
556 427 713 502 ardentis
739 427 823 502 solis
843 430 957 506 calori
978 451 1040 506 ex-

39 543 192 624 ponuntur,
215 548 260 599 an
285 525 346 618 qui
361 522 453 620 'gelu
471 526 631 618 undique
651 527 682 597 a
699 527 781 600 altis
806 529 954 602 nivibus
974 531 1041 602 ob·

40 642 152 700 uranu.
203 623 395 713 Homines,
413 624 472 718 qui
491 625 610 698 olivas
628 624 845 716 premunt&
861 637 950 700 uvas
968 629 1041 723 cal·

41 737 106 805 tart,
124 720 275 796 infelices
296 721 459 814 judicant
476 737 648 814 utrasque
669 721 747 794 illas
761 721 921 809 Gentes;
950 723 1041 812 milti

39 841 96 892 tera
108 818 240 892 arduum
256 819 400 893 videtur
417 815 451 890 dt
470 817 693 910 perdifficile,
708 821 917 914 voluptates
930 836 1042 912 atque
1102 861 1108 869 ·

39 917 86 987 tria
97 913 270 988 i‘asloritiae
287 915 375 986 vitae
393 937 474 989 curn
492 917 618 996 labore
633 913 867 990 &sudoribus
885 917 1041 1012 Agrico·

40 1017 111 1086 'uum
134 1013 177 1084 ita
203 1013 393 1100 conferre,
431 1025 474 1084 ut
497 1009 580 1087 satis
608 1025 752 1107 pateat,
786 1015 966 1107 quodnam
994 1034 1043 1090 ex
1131 1043 1135 1052 ⁴*

42 1109 134 1183 luobus
147 1109 226 1182 vite
242 1109 436 1204 generibus
452 1109 495 1184 srt
513 1109 615 1182 alteri
635 1110 908 1203 praeserendum.
952 1111 1041 1190 Lar.-

44 1205 87 1278 ior
105 1206 251 1301 equidem
275 1205 458 1279 Pallorem
484 1206 833 1298 macilentumelse,
869 1209 1043 1306 pinguem

47 1319 124 1377 nntra
138 1303 167 1376 a
182 1301 340 1391 obesum,
352 1305 569 1399 agricolam,
611 1317 648 1378 at
666 1304 716 1376 est
735 1307 795 1378 ille
811 1321 930 1378 tamen
949 1307 1042 1381 liber

50 1401 243 1492 immines,
269 1402 356 1476 dum
380 1403 439 1475 hie
462 1401 592 1476 contra
613 1401 833 1494 quotidianae
857 1401 1042 1478 servitutis

50 1519 95 1592 rgo
106 1502 249 1573 atteritur
266 1499 542 1574 &redeuntium
561 1501 756 1594 quotannis
772 1501 934 1576 laborum
950 1523 1043 1574 con·

52 1593 107 1667 inua
125 1596 199 1670 serie
221 1595 423 1671 distinetur.
484 1595 654 1690 Namque
676 1617 782 1692 agros
808 1597 868 1669 hic
897 1595 1043 1692 sepibus

52 1695 152 1782 tuniet,
178 1692 405 1787 proscindet,
431 1695 642 1784 resultabit,
665 1691 906 1784 stercorabit,
934 1715 1042 1768 occa·

39 1785 88 1877 qit,
105 1791 225 1879 litabit,
246 1791 438 1882 conseret,
465 1791 643 1884 inarabit,
667 1793 933 1886 complanabit,
956 1815 1042 1868 run·

56 1887 119 1976 rbit,
137 1888 489 1983 frugrtrnmanipulos
507 1888 677 1984 colliget,
707 1888 921 1981 exsiccabit,
950 1887 1044 1964 infe·

58 1995 92 2072 t,
108 1985 302 2081 flagellabit,
326 2007 520 2082 granorum
539 2007 692 2062 acervos
706 1986 901 2077 ventilabit
919 1985 1041 2062 &fin-

60 2093 153 2154 ientum
172 2084 311 2163 tandem
328 2083 557 2172 dimetietur3
586 2095 695 2173 atque
715 2082 752 2157 in
775 2083 832 2158 his
855 2084 1044 2176 omnibus,

62 2193 136 2249 unna
152 2181 228 2254 licet
250 2180 412 2255 adhibita
441 2179 683 2277 diligentia&
707 2201 840 2274 opera,
871 2182 932 2254 vel
960 2193 1045 2254 tota

39 2272 89 2347 41
100 2277 170 2365 quod
190 2278 232 2350 ad
256 2293 397 2374 partem
422 2277 546 2372 saepius
567 2277 669 2350 irrita
693 2275 770 2370 spes
796 2277 915 2368 cadit,
942 2277 1043 2352 siin·
1118 2321 1122 2331 ‹

65 2356 238 2464 lupellivum
255 2378 362 2473 gelu,
391 2372 584 2454 humiditas
605 2371 739 2466 nimia,
761 2374 889 2448 siccior
905 2390 1044 2470 tempe·

68 2478 105 2561 p,
119 2473 264 2568 grando,
301 2473 440 2564 imber,
469 2487 626 2560 ventus,
652 2475 838 2546 maturitas
862 2473 1045 2565 celerior,

39 2616 52 2666 ,ς
63 2568 140 2753 pecs,
155 2587 255 2662 aves,
276 2569 431 2661 insecta,
455 2569 587 2663 aliique
604 2567 697 2643 haud
713 2569 853 2663 praevisi
870 2569 969 2644 erasus
987 2569 1045 2646 in·

39 2709 70 2765 n
102 2663 168 2742 rint.
201 2668 257 2742 Ut
272 2668 447 2742 reticeam
465 2667 645 2756 frumenta
665 2667 862 2757 vannandi,
882 2669 1043 2763 cribran-

39 2794 69 2864 Π,
99 2759 257 2857 siccandi,
281 2763 444 2840 molendi
469 2763 732 2852 necellitatem,
763 2779 1045 2857 ceterorumque

43 2889 65 2957 p,
100 2879 159 2932 rum
175 2863 365 2952 articulos,
387 2861 515 2956 quibus
539 2873 622 2934 toto
645 2881 742 2934 anno
758 2857 903 2936 Cereris
923 2862 1065 2954 cultoy

39 2993 69 3062 ,3
92 2953 285 3052 ittigantur,
307 2973 361 3032 -ut
383 2959 496 3036 solum
520 2979 648 3052 patrem
669 2958 875 3051 obtineant,
931 2955 1044 3031 Secus

39 3085 73 3160 „r
99 3049 215 3130 'endum
232 3058 275 3131 de
293 3069 468 3153 vagante,
494 3053 660 3147 quorsum
676 3054 848 3147 libuerit,
872 3053 1044 3142 Pastore,

39 3199 73 3272 'si
99 3149 211 3244 absque
228 3154 397 3228 aratro&
417 3154 544 3228 labore
561 3152 678 3239 vivit,
704 3151 835 3246 cuique
849 3152 945 3227 aliud
960 3152 1044 3228 fere

39 3244 173 3356 {pindum
188 3251 275 3326 nihil
291 3251 364 3342 est,
388 3273 492 3344 quam
510 3266 552 3324 ut
569 3248 669 3320 tibiis
685 3247 804 3339 ludat,
824 3249 1045 3342 ceterisque,

51 3354 102 3446 qli
114 3344 143 3417 in
158 3349 283 3441 opimis
302 3347 439 3442 pascuis
455 3348 515 3422 sut
536 3345 731 3420 comitatur
752 3367 905 3439 pecora,
937 3345 1047 3420 inno·

73 3491 76 3498 ·
105 3437 127 3512 is
141 3444 215 3518 vitae
231 3445 503 3521 obleslamentis
520 3442 668 3518 fruatur.
721 3443 842 3534 Hinc,
871 3444 1049 3536 quoniam

39 3575 60 3628 ,ι
101 3533 142 3610 ius
157 3540 211 3614 ille
225 3543 277 3617 rei
293 3564 512 3642 magnopere
524 3554 713 3636 appetens,
735 3541 857 3637 animo
872 3543 1051 3635 tranquil-⁷

39 3637 42 3650 ’
76 3677 81 3730 3
106 3647 195 3712 tatem
211 3639 326 3736 degit,
354 3638 441 3714 dum'
463 3637 709 3734 prementibus
727 3636 787 3712 sub
804 3637 900 3714 curis
917 3638 949 3712 n
969 3661 1049 3714 mo·
1150 3681 1152 3684 ·

105 3727 126 3801 's
138 3738 287 3827 quotidie
307 3739 418 3834 gemit
431 3733 625 3832 Agricolaa
651 3733 1048 3830 mortalium'antiquis·

39 3905 42 3919 ,
113 3829 146 3900 ad
167 3847 297 3910 etatem
320 3849 544 3931 argenteam,
565 3833 638 3906 hoc
659 3830 711 3908 est
727 3833 951 3928 beatiorem,
987 3853 1048 3926 pa·

70 3919 158 3998 'itia
172 3931 249 4006 vite
264 3953 376 4034 genus
396 3932 610 4014 retuleram.
819 4015 823 4022 ,
908 4010 912 4014 .

660 4234 675 4272 b
