2678 4756
258 346 329 430 518
445 315 699 410 saucrnca
725 321 1129 408 cannuuusrune·

257 533 330 596 tam
354 520 520 613 hyemem
548 513 827 608 virescentibus,
853 515 912 591 sex
930 517 990 590 vel
1012 513 1148 608 septem
1169 517 1295 612 pulices
1338 564 1339 573 κ

256 620 398 712 longis,
425 617 587 709 duosque
607 615 708 701 latis,
739 613 881 686 lineolis
898 613 986 686 albis
1010 615 1146 688 abuna
1165 615 1298 690 adeste

256 729 334 791 ram
353 713 615 788 extremitatem
633 711 774 787 striatis.
818 711 906 784 Haec
919 710 1020 784 radix
1037 715 1196 786 contusa
1209 709 1300 788 &aa

256 813 357 888 ribus
372 813 529 899 admota,
557 811 724 905 otalgiam
745 807 952 902 compescit,
979 808 1073 882 &ad
1089 811 1301 904 apostemate

258 911 450 1006 aperienda
468 899 619 982 mirifice
637 908 791 980 confert.
823 907 847 998 (
848 909 905 982 An
918 905 1083 1003 Arethusa
1099 905 1271 1008 iussimus)

360 1064 414 1132 16.
436 1057 711 1132 SAROTHRA
735 1055 1005 1150 (Genianoides)
1028 1061 1146 1155 vulgo
1168 1061 1295 1135 Gremi-

251 1165 352 1256 pina,
381 1155 568 1247 Cupressus
593 1154 770 1248 sylvestris
790 1169 954 1229 vocatur.
1012 1153 1155 1230 Crescit
1179 1175 1223 1232 ut
1238 1159 1294 1252 ptr

257 1257 387 1329 timum
408 1255 448 1326 ad
475 1253 698 1328 altitudinem
723 1253 841 1346 palmi.
894 1253 1009 1346 Hujus
1027 1267 1161 1328 tenues
1189 1255 1299 1328 ramuli

256 1353 417 1444 undique
440 1351 648 1452 sparguntur
671 1373 716 1424 ex
741 1349 848 1423 unica
872 1353 1020 1442 parvula
1039 1351 1166 1426 radice
1188 1351 1303 1426 fibrosa

256 1449 501 1546 prodeuntes,
535 1447 629 1520 haud
654 1448 757 1520 aliter
785 1469 827 1520 ac
851 1446 1018 1522 nostratis
1039 1449 1301 1546 Pmdnpd,

256 1547 314 1622 sed
345 1562 470 1618 tenues
493 1545 571 1620 sunt
593 1543 700 1620 instar
720 1541 772 1618 fili
799 1547 857 1616 vel
884 1543 1056 1618 soliorum
1086 1549 1193 1640 pini,
1219 1547 1301 1621 unde

257 1647 367 1738 etjam
386 1664 518 1717 nomen
535 1643 658 1716 sortita
673 1642 723 1714 est
736 1643 811 1716 hec
832 1639 902 1734 ipsa
917 1644 1048 1736 planta.
1086 1645 1228 1720 Minuti
1246 1645 1302 1722 flo-

256 1739 1303 1932 attritistudiassistatis.filisu

256 1935 473 2032 graveolens
495 1934 567 2021 est,
593 1935 645 2007 uti
670 1935 758 2008 solia
779 1935 856 2030 pini
884 1936 983 2009 olere
1005 1932 1136 2012 solent
1191 1939 1302 2012 Locris

255 2031 387 2106 natalis
400 2030 586 2104 estSolum
600 2031 777 2105 vetustum
790 2031 1013 2126 argillaceum
1030 2056 1205 2110 macrum.
1239 2035 1301 2110 Ex·

257 2129 404 2204 cedenti
425 2131 561 2202 virtute
579 2128 726 2221 predita
746 2127 796 2202 est
813 2129 889 2201 haec
902 2129 1009 2202 herba
1028 2131 1064 2206 in
1085 2147 1297 2227 unguentum

255 2225 411 2315 redatta,
439 2248 519 2300 cum
540 2227 652 2319 Penny
671 2227 799 2320 Rupes,
824 2224 978 2302 Hemsocst
996 2227 1029 2299 ἃ
1045 2227 1224 2318 ramam,
1252 2230 1300 2300 au

257 2325 364 2396 etiam
386 2323 457 2396 sola
482 2324 517 2396 in
536 2324 808 2398 contusionibus
831 2323 1141 2418 &contenderim
1170 2327 1264 2422 pres
1289 2368 1300 2382 ·

256 2422 322 2493 tim
338 2423 360 2494 sr
379 2422 492 2494 adhuc
508 2421 633 2492 viridis
649 2420 865 2514 adplicatum
894 2422 1035 2499 Virium
1054 2429 1152 2497 enim
1175 2425 1302 2498 suaruu

256 2539 417 2608 magnam
429 2515 597 2607 jasiuram
615 2517 715 2606 sarcit,
735 2519 993 2613 quamprimum
1013 2521 1230 2598 flaccescere
1243 2545 1304 2596 cu

255 2615 373 2708 perit,
396 2615 457 2686 vel
475 2614 617 2705 penitus
636 2617 860 2710 emarcuerit.

358 2788 412 2859 17.
431 2763 777 2838 GNAPHALIUM
796 2765 1107 2862 (emporitanum)
1128 2769 1219 2846 item
1239 2777 1304 2848 Cor-

256 2879 333 2940 ton·
348 2865 445 2938 Weed
471 2878 532 2936 aut
557 2865 812 2959 Sempervivum.
876 2857 1142 2958 Fiequeutatur
1173 2871 1212 2944 in
1237 2871 1305 2944 bal

255 2964 349 3050 neis,
370 2959 579 3033 &fovendis
598 2959 799 3033 tumoribus
813 2960 966 3058 frigidis,
990 2965 1306 3044 contusionibus&

256 3056 513 3144 contrdtluris3
539 3056 676 3131 misceri
697 3080 842 3152 quoque
862 3059 1016 3134 Serothm
1033 3059 1172 3138 assolet

356 3219 410 3290 18.
434 3205 651 3283 LOBELIA
672 3206 913 3306 (syphilitica).
958 3210 1218 3288 Memorabilis
1237 3215 1304 3290 haec

254 3309 378 3404 planta
398 3327 418 3376 e
439 3303 560 3378 radice
573 3305 701 3382 fibrosa
717 3307 873 3382 ascendit
888 3307 931 3382 ad
948 3308 1176 3385 altitudinem
1201 3315 1304 3386 trium

254 3406 315 3477 vel
330 3416 484 3495 quatuor
503 3406 653 3496 pedum,
683 3425 762 3480 cum
781 3406 873 3499 spica
893 3406 1133 3499 longitudinis
1151 3410 1231 3482 sere
1247 3433 1304 3504 pe-

254 3503 309 3575 dis
324 3501 444 3590 unius,
468 3501 618 3574 floribus
632 3504 805 3589 caeruleis,
832 3507 967 3576 caulem
982 3504 1221 3598 undiqueque
1234 3509 1303 3580 cin·

252 3597 443 3693 gentibus,
469 3597 608 3670 vestita.
655 3598 791 3673 Crescit
804 3600 841 3676 in
858 3601 949 3674 locis
964 3601 1159 3696 pinguibus
1177 3605 1215 3676 Gt
1232 3625 1300 3676 urn-

250 3696 374 3772 brofis.
424 3696 598 3770 Praeterea
623 3698 738 3770 rarior
763 3695 813 3771 est
837 3693 956 3789 planta
983 3700 1018 3769 in
1045 3700 1169 3774 multis
1192 3702 1302 3794 parti

250 3795 318 3867 bus
341 3793 511 3886 regionis.
561 3791 788 3880 Dodiffimus
819 3796 938 3872 Petrus
968 3797 1120 3870 mineus
1147 3797 1235 3896 (qui
1261 3797 1300 3868 de

250 3889 317 3966 hac
336 3889 459 3964 Planta
482 3877 694 3964 informatus
712 3885 763 3965 est
783 3913 803 3964 a
820 3887 1022 3964 Chiliarcha
1043 3889 1216 3992 Jalrnsm,
1244 3895 1299 3966 hic

249 4009 341 4067 vero
359 3988 403 4062 ab
423 3985 542 4080 Indis,
573 3989 668 4086 larga
691 3989 919 4084 premiorum
940 3987 1045 4064 messe
1069 3989 1115 4066 ad
1133 3993 1297 4066 revelan-

1212 4095 1293 4161 dum
