2604 4736
152 219 156 232 '
231 259 433 340 annuus
466 257 764 342 aaanuous.
956 279 1025 358 155

19 453 81 530 sula
89 448 308 544 reperiatur,
324 471 434 542 quum
446 446 573 528 estivo
590 463 755 546 tempore
765 453 1024 542 transmutata,

19 551 142 644 alinguis
159 548 334 635 evolant,
357 553 475 624 adrem
495 547 655 638 pulveris
668 545 785 620 instar
800 547 964 637 implent,
989 568 1025 620 a·

19 646 239 740 droutLappo
259 646 298 718 in
314 639 459 718 desertis
479 643 539 716 sub
552 644 615 718 dio
635 643 866 731 constitutus,
894 643 1024 718 faciem

19 757 161 832 ananus,
188 741 329 834 liquida
345 741 448 834 pice,
473 742 531 816 cui
549 744 759 834 plerumque
774 742 873 815 ladis
891 741 1025 833 aliquid

19 844 167 916 rdnirtum
192 839 267 925 est,
297 840 471 933 inungere
493 839 658 931 quotidie
677 837 853 912 necessum
873 839 1025 929 habeat,

19 963 41 1010 re
53 942 86 1010 ab
100 937 190 1010 hisce
208 933 357 1019 Insedlis
373 936 624 1013 corrodantur.
649 929 651 934 ’
674 937 750 1012 Vix
764 936 798 1010 ei
813 937 874 1010 sub
890 935 952 1008 dio
969 936 1024 1008 lo·
1131 939 1135 946 “

19 1039 49 1128 pi
68 1037 143 1110 licet
171 1034 204 1109 ἃ
230 1033 392 1124 hiscere,
425 1034 512 1126 quin
535 1055 640 1108 nares
664 1034 699 1110 dt
723 1034 846 1120 salites
870 1035 948 1127 ejus
971 1032 1025 1108 in·

19 1147 94 1220 rent,
117 1142 187 1214 iaec
214 1133 255 1206 in
290 1130 369 1203 casa
393 1130 451 1214 sua
477 1131 675 1206 eorundem
701 1131 745 1204 ab
768 1131 897 1224 injuria
926 1145 1024 1204 tutus

21 1229 57 1318 st,
82 1231 137 1304 nisr
162 1252 208 1304 ex
223 1229 381 1322 putridis
399 1228 537 1312 truncis
554 1229 809 1302 &caudicibus
829 1249 1026 1324 perennem
1059 1285 1061 1290 a

19 1326 306 1426 uormstruxerit,
334 1329 435 1417 cuius
450 1325 552 1400 sumo
575 1325 722 1420 copiose
744 1349 808 1420 per
826 1329 936 1400 casam
953 1328 1023 1400 dis·

19 1425 100 1512 serlo,
126 1422 355 1524 detestabiles
379 1422 440 1498 srbi
461 1422 603 1498 Culices
627 1425 757 1518 abigat.
816 1424 949 1516 Neque
972 1437 1022 1498 ta-

19 1525 116 1596 nenita
131 1520 425 1614 nocetLapponi
444 1521 611 1606 famelica
625 1521 687 1594 illa
707 1523 824 1611 turba,
842 1534 884 1596 ut
900 1520 1023 1594 inNa·
1099 1569 1102 1577 Δ

19 1643 73 1690 :ura
87 1618 252 1713 uniuersae
268 1617 590 1712 administratione
614 1639 689 1692 non
716 1615 832 1710 aliqua
855 1633 1024 1712 exparte

19 1717 159 1792 larinum
182 1718 233 1790 illi
255 1715 475 1802 subserviata
505 1729 612 1808 atque
634 1729 691 1788 me
713 1716 833 1808 judice
850 1716 943 1790 farne
962 1739 1024 1812 pa·

19 1814 291 1910 irentlappones
306 1813 413 1886 facile
430 1834 578 1901 omnes,
596 1814 618 1888 fi
638 1814 799 1907 perirent
814 1813 848 1888 in
868 1815 946 1908 ejus
962 1838 1023 1908 pa·

19 1911 193 1986 :riaculices
220 1910 371 1986 Etenim
383 1911 1024 2004 Avesaquaticaeornnesrelinquunt

19 2007 81 2078 :isca
99 2009 320 2084 audiumnurn
345 2008 427 2082 suos
451 2010 570 2097 lacus,
595 2010 668 2101 jam
691 2009 805 2104 glacie
824 2011 1021 2103 tegendos,

19 2103 160 2182 &adlata
175 2105 430 2182 meridionalia
441 2103 695 2196 contendunta·
715 2119 751 2179 at
762 2107 878 2199 primo
894 2110 1025 2185 iterum

19 2220 93 2290 uere,
107 2203 534 2299 densrffimisagminibus,
556 2203 715 2276 nostrum
734 2202 834 2294 supra
849 2203 1028 2279 horizon..

22 2309 71 2368 ten
87 2301 228 2384 videmus
250 2323 314 2378 eas
332 2299 452 2391 versus
469 2299 749 2394 septentrionem
765 2321 934 2395 pergere,
957 2302 1023 2376 do·

20 2395 232 2476 nacsublrstant
248 2397 441 2478 maximam
456 2413 592 2490 partem
610 2399 646 2471 in
659 2397 868 2493 Lapponla,
888 2400 951 2474 ubi
967 2401 1022 2472 vi·

19 2488 81 2566 llum
93 2495 430 2586 abundantissimum,
457 2497 654 2586 innumeris
672 2520 716 2572 ex
735 2496 843 2570 larvis
864 2497 1028 2590 &pupis

19 2591 150 2684 culicum,
173 2594 445 2688 altrixparavit
456 2592 627 2670 Numinis
643 2593 902 2690 munificentia.
955 2595 1023 2670 Hae

19 2705 76 2757 aues
89 2692 129 2762 ob
141 2694 324 2780 calorem,
351 2711 457 2784 quem
474 2689 654 2790 planule,
680 2692 774 2773 inter
790 2714 926 2786 pennas
943 2694 1022 2766 ubi·

19 2785 276 2886 quainterjedtae,
304 2801 498 2882 generant,
524 2809 601 2868 nou
619 2790 743 2866 ferunt
766 2789 885 2864 aestum
902 2791 1023 2902 ragio·
1078 2842 1087 2855 .

20 2897 74 2954 um
92 2886 405 2976 meridionalium,
420 2885 583 2982 adeoque
618 2888 662 2962 ad
688 2887 851 2964 boreales
874 2886 1022 2982 frigrdas

23 2977 101 3082 plagas
125 2985 317 3075 pelluntur.
386 2985 602 3088 Quumfint
628 2987 852 3082 polygamae,
887 2986 1021 3060 nullam

20 3077 121 3152 reninis
134 3081 169 3156 in
183 3081 417 3162 excludendis
432 3083 515 3158 ovis
531 3081 713 3160 &alendis
727 3079 956 3176 pullis'opem
971 3083 1022 3156 se·

19 3187 211 3270 runtmares,
231 3177 395 3274 adeoque
408 3177 545 3261 necesse
562 3179 633 3256 illis
652 3181 724 3273 est,
745 3179 934 3276 postquam
948 3201 1026 3257 ova

19 3273 137 3350 texerint
154 3277 342 3369 plumulis,
370 3299 455 3374 quas
477 3299 541 3371 par
564 3276 718 3354 allatam
731 3279 948 3372 deponunt,
976 3281 1021 3352 ab

21 3365 76 3442 oris
93 3375 258 3469 tantisper
275 3374 456 3470 divagari,
477 3373 561 3454 dum
577 3375 689 3454 escam
708 3389 887 3472 querant,
909 3375 1022 3451 immo

22 3456 66 3532 illis
79 3471 202 3550 necesse
217 3469 283 3558 est,
301 3473 510 3552 alimentum
527 3473 565 3550 in
588 3487 734 3566 promtu
752 3473 896 3559 habere,
912 3495 1028 3565 quana
1146 3526 1151 3538 ·

26 3565 71 3629 tun
86 3562 155 3640 satis
170 3589 244 3643 non
262 3569 325 3646 sabi
344 3583 482 3648 tantum
501 3569 624 3660 fuerit,
642 3569 699 3650 l'ed
713 3571 745 3649 da
757 3571 864 3665 pullis
880 3570 1022 3646 suis-re·

27 3670 110 3768 ttuter
125 3667 288 3756 exclusis,
316 3665 433 3759 iisque
449 3668 542 3748 bene
564 3667 708 3759 multis,
734 3668 832 3764 quod
856 3669 963 3742 etiam
982 3667 1022 3746 in

28 3767 91 3858 illu
106 3759 168 3853 his,
187 3785 231 3836 ex
248 3765 401 3842 culicum
416 3766 560 3855 pullulis
576 3766 710 3865 ubique
728 3765 932 3840 inueniunt.
961 3763 1021 3840 sic

25 3861 97 3926 suan
110 3855 330 3949 Tetraones,
347 3863 476 3954 quibus
493 3863 574 3938 hele
591 3861 642 3942 ast
657 3867 793 3962 patria,
811 3883 960 3955 quaeque
977 3863 1022 3944 ad

27 3947 101 4026 uulsa
112 3974 215 4055 utque
228 3959 356 4054 millia,
369 3981 423 4038 no
433 3959 549 4038 dicam
566 3959 744 4057 myriadas
758 3962 953 4070 quotannis
964 3980 1022 4032 aa.

916 4077 1022 4155 prun.
