2678 4756
256 257 331 332 574,
490 229 858 362 betummatho
876 231 1065 311 inUM.

257 423 360 496 Siloa
373 413 504 491 nostre
516 416 630 492 vaste
648 417 1011 508 densnnue‘hvibos‚
1035 419 1218 494 homines·
1230 419 1304 494 stre

214 511 222 526 '
255 519 443 612 pitumque
470 536 615 588 omnem
637 514 870 607 timentibus,
901 515 1098 611 refugia&
1122 518 1312 592 domicilia

255 612 337 688 sunt
359 607 543 706 aptiffima.
593 615 689 687 Calor
708 633 901 706 regnorum
918 612 1077 706 Europa
1099 614 1312 690 australnrm

255 711 427 883 'isitii’
451 709 651 902 bibis
666 710 1312 902 bsibshdiitadrsidt

234 901 236 911 ’
254 907 371 1002 pellit.
422 906 543 979 Patria
560 919 733 996 preterea
752 891 1040 997 &gCorisuetudo
1067 929 1137 984 nec
1158 907 1305 982 minine

257 1002 473 1090 conferunt3
510 999 552 1072 ad
578 1001 660 1075 loca
679 1003 801 1091 enim,
826 1003 976 1094 quibus,
1003 1005 1143 1078 tamin
1173 1003 1305 1080 eristun

254 1100 322 1174 sabi
340 1099 519 1192 pullisque
540 1096 608 1170 suia
624 1097 843 1190 acquirendo
859 1099 971 1190 faciti,
997 1122 1103 1192 quarn
1121 1103 1205 1174 aliis
1224 1125 1306 1196 pre·

254 1196 432 1291 rogativis
457 1196 655 1291 gaudente,
690 1197 767 1268 vita
788 1210 895 1280 antea
919 1196 1018 1270 fruiti
1044 1198 1144 1290 sunt,
1178 1199 1309 1272 iisdem

256 1294 387 1369 iterum
404 1306 445 1366 ut
467 1305 615 1366 utantur
638 1293 859 1381 commodis,
886 1307 1127 1368 revertuntur.
1186 1295 1307 1372 Unam

255 1391 478 1482 eandemque
492 1390 614 1482 itaque
635 1394 792 1464 ciconiam
805 1391 934 1464 eodem
952 1392 1147 1483 quotannis
1164 1393 1309 1469 nidula-

255 1489 288 1564 ri
297 1489 456 1577 carmine,
474 1507 578 1579 quem
592 1509 656 1581 per
671 1490 904 1581 anteaplures
919 1487 1191 1577 inhabitaverit,
1213 1489 1312 1565 haud

256 1583 947 1775 &dhissumibtitih
959 1586 1139 1758 {thid
1155 1609 1309 1774 ”tim

255 1780 345 1852 licet
365 1778 501 1872 semper
524 1777 674 1868 abesset,
698 1800 911 1875 unaquaque
937 1780 1077 1870 aestate,
1109 1735 1307 1856 nidificasse

256 1874 346 1958 vidi.
411 1876 509 1950 Aoni
533 1876 820 1972 preterfluxere,
847 1877 891 1969 ad
912 1878 1097 1952 minimum
1125 1877 1212 1970 sea,
1241 1902 1304 1974 per

257 1994 352 2068 quos
376 1973 610 2046 Tinnunculum
625 1995 699 2046 uno
718 1973 916 2068 eodemque
929 1973 1107 2049 foramine
1121 1975 1232 2048 turris
1245 1999 1305 2050 cn-

255 2070 397 2165 jusdam
409 2071 527 2164 pullos
543 2069 742 2161 exclusisse,
765 2071 967 2146 observavi.
1011 2072 1056 2148 In
1069 2071 1201 2146 Lauris
1210 2073 1306 2146 Hor·

257 2168 288 2244 ti
305 2167 514 2256 Academici
530 2165 743 2261 Upbhenos
759 2191 823 2262 per
841 2168 1071 2260 sexennium,
1091 2170 1230 2263 quovis
1244 2193 1305 2242 ve

256 2287 311 2356 re,
339 2267 518 2339 Moratum
537 2264 614 2338 duee
638 2269 716 2338 alic
730 2265 874 2340 nidulos
895 2266 1197 2356 construxerunt,
1229 2291 1307 2362 qua

257 2364 328 2456 jam
346 2362 555 2452 mansuete,
582 2362 803 2438 Gallinarum
820 2363 949 2453 instar,
970 2363 1138 2440 homines
1154 2386 1235 2438 non
1253 2364 1306 2438 sd

256 2459 381 2552 glunt,
417 2457 451 2528 dc
477 2478 523 2528 eo
545 2455 621 2549 ipso
646 2459 691 2532 ab
716 2460 796 2535 aliia
812 2458 865 2534 soi
882 2461 1032 2558 rgeneris
1062 2460 1202 2536 timidis
1229 2459 1305 2536 evi·

189 2628 192 2636 ,
257 2553 384 2627 denter
402 2551 583 2628 distincte.

558 2691 747 2950 *aig
767 2687 950 2884 ΤῩεᾸῑ.
985 2785 1013 2956 .’

772 2965 792 3007 Ι

353 3023 373 3063 ⁸
390 3023 711 3118 CATESBAEUS‚
738 3030 799 3122 qui
820 3030 921 3104 Aves
935 3029 1097 3104 Amnicae
1110 3032 1303 3128 septentrio

256 3124 341 3194 mdis
365 3141 556 3214 earumque
586 3125 819 3222 migrationes
844 3127 965 3201 sedulo
992 3127 1228 3220 observavit,
1259 3130 1302 3204 se·

257 3231 409 3311 quentes
427 3222 608 3313 praeeipue
628 3239 888 3299 commemorat
904 3225 1143 3320 migratoriaa.

355 3338 399 3402 1.
412 3317 440 3390 F
442 3316 578 3393 ALCO
596 3317 768 3412 forficotus
788 3339 863 3442 pag.
876 3345 910 3413 4.
941 3335 1116 3395 autumno
1146 3322 1301 3411 decedit,

256 3433 493 3506 necunquam
507 3437 571 3507 per
584 3417 750 3508 hyemem
765 3420 808 3494 in·
820 3421 990 3493 barolina
1004 3419 1241 3512 conspicitur.

313 3557 317 3568 .
352 3533 384 3583 2.
409 3511 681 3587 PSITTACUS
698 3517 898 3610 carolinmfis
909 3535 945 3614 p.
960 3539 1016 3589 11.
1041 3517 1140 3592 circa
1157 3519 1304 3592 initium

255 3607 396 3700 hyemis
415 3629 436 3686 e
453 3607 622 3683 Carolina
639 3612 793 3688 austrum
811 3614 931 3687 versus
949 3613 1099 3710 aufugit.

351 3726 384 3798 3.
410 3704 647 3780 CUCULUS·
669 3718 864 3784 ammiramur
884 3730 920 3807 p.
933 3735 967 3803 9.
992 3712 1125 3804 hyeme
1145 3734 1226 3786 non
1246 3733 1299 3803 ap·

254 3816 379 3896 paret,
406 3802 465 3877 sed
482 3819 677 3901 autumno,
702 3808 1000 3902 quemadmodum
1015 3833 1152 3884 emamus
1166 3807 1298 3894 noster¹

256 3901 343 3974 abit.
971 3965 979 3976 .

1126 4029 1162 4096 4.
1182 3998 1296 4075 TRO-
