2556 4742
280 977 386 1054 SUB
421 973 718 1054 PRAESIDIO

124 1133 202 1268 D.
258 1137 344 1272 D.
408 1137 568 1274 Cas.
633 1135 890 1346 Lusum

342 1429 450 1504 quam
474 1407 666 1505 proposuit

141 1563 352 1647 lsAAcus
373 1567 673 1750 PmLLMAERUS,
693 1567 779 1644 Nic.
790 1569 819 1646 F
822 1571 859 1647 ll.

459 1689 589 1754 Gothus.

229 1865 505 1966 Upsaliae1754
558 1873 686 1950 otolr.
712 1892 773 1981 30.

36 2025 1024 2092 ----...-........-’-..-.-....

272 2191 726 2274 PROOEMIUM.
773 2189 775 2196 ’
878 2249 884 2263 ·

37 2279 207 2582 Ovium
223 2343 384 2438 cultura,
410 2369 488 2440 quae
510 2345 668 2443 pristinis
687 2347 911 2442 temporibus
934 2345 1027 2420 adeo
1138 2403 1144 2414 .

135 2456 318 2516 contemta
340 2445 431 2534 fuit,
461 2458 504 2519 ut
532 2441 686 2520 induitis
713 2445 747 2518 ἀ
774 2443 920 2520 incultis
950 2457 1027 2519 tan·

137 2549 208 2614 tum
228 2539 316 2614 esset
331 2541 474 2629 relillat
502 2563 599 2618 nunc
615 2540 812 2636 temporis,
836 2542 919 2616 dum
932 2561 1028 2616 ωοο-

28 2627 111 2702 nomia
124 2633 249 2724 julium
268 2637 307 2712 in
325 2639 442 2734 patris
466 2635 587 2713 nostra
603 2640 764 2714 obtinuit
784 2641 928 2730 locum,
950 2649 1028 2712 tan·

26 2719 49 2789 ti
60 2723 220 2826 ell'pretii,
238 2747 281 2808 ut
298 2735 392 2810 inter
408 2735 578 2908 ofitimas,
602 2755 679 2830 quae
695 2737 907 2810 felicitatem
927 2735 1028 2830 regni

26 2823 219 2928 amplificem,
263 2846 382 2922 astes,
421 2834 525 2908 'aud
577 2833 758 2908 immerito
807 2847 1027 2908 numeretur.

26 2915 164 3016 Qutnmm
187 2949 280 3003 vero
303 2921 442 3004 adferat
462 2929 653 3021 utilitatis,
680 2931 742 3005 suo
773 2931 940 3023 exemplo
969 2927 1030 3000 de·

26 3016 157 3124 molliret
176 3022 257 3099 latis
276 3023 424 3124 Anglia,
443 3028 501 3100 cui
521 3047 611 3104 oves
629 3029 708 3124 plus
729 3025 912 3122 moltitie,
924 3047 1031 3120 quam

25 3113 202 3194 aurifodinae
219 3123 341 3198 Potoli
353 3123 546 3218 Hispalae,
565 3124 794 3200 contendunt
807 3123 911 3200 varii.
954 3123 1030 3196 Aa·

27 3209 135 3286 teafere
148 3219 291 3309 omnia,
315 3243 392 3314 que
414 3221 459 3295 ad
477 3219 691 3297 vestimenta
709 3237 811 3296 erant
825 3219 1030 3311 becellaria,

29 3299 56 3410 ᾧ
75 3313 188 3387 esteris
208 3317 432 3409 emebamus,
460 3318 579 3393 donec
602 3317 880 3393 observabamus
904 3319 941 3392 id
963 3338 1029 3392 no·

30 3393 65 3468 bs
77 3417 194 3485 tantum
211 3415 290 3488 eris
308 3413 515 3504 detrahere,
534 3430 704 3508 quantum
724 3415 959 3489 emolumenti
976 3414 1029 3490 iu·

34 3489 257 3602 lenhauriebant
276 3510 349 3594 alii,
391 3509 567 3612 ¹Cordatis
591 3513 700 3608 igitur
722 3511 853 3588 nostris
879 3533 1029 3586 oecono-

37 3599 180 3678 mavilum
196 3605 265 3699 est,
290 3609 375 3684 huic
394 3610 526 3684 morbo
547 3608 702 3685 sanando
730 3631 807 3684 non
828 3609 947 3702 aptius
971 3607 1030 3681 ad·

38 3699 207 3776 commodari
227 3705 325 3799 polle
350 3708 571 3796 remedium,
594 3727 698 3801 quam
717 3707 814 3782 utin
836 3705 951 3801 patria
977 3705 1030 3778 in·
1138 3774 1144 3787 ,

35 3777 203 3873 &ueremur
227 3801 396 3896 opificia,
422 3803 589 3882 vestitum
613 3805 720 3879 nobis
745 3802 1031 3898 suppeditaturat

33 3888 97 3968 illd
109 3897 237 3988 quidem
254 3899 410 3976 feliciter
425 3899 603 4073 faecem,
627 3901 684 3976 sed
699 3901 867 3996 quamdiu
888 3901 1031 4068 lamanaeb

561 4017 582 4090 5
1017 4035 1030 4052 .
