2602 4750
257 181 432 287 nonu
456 179 776 264 racnsnmr.
895 117 900 127 ⁵
978 199 1051 276 μς

27 373 119 466 loun,
141 371 377 450 Barrelieroln
393 370 571 466 aliosque,
595 368 706 449 solam
724 389 817 444 vero
830 365 1053 446 Palestinam

27 473 144 565 indigna
164 469 228 546 fati
251 472 332 566 lege
353 467 623 566 pretermillam
641 470 687 543 ab
709 468 754 541 iis
780 465 906 562 luille,
941 481 983 542 ut
1003 487 1060 549 no

28 569 151 664 llyllopi
168 568 329 660 quidem,
354 589 472 664 prope
481 588 605 642 muros
616 564 1052 658 Hierosolymitanosna·

34 666 148 758 scentis,
170 666 407 742 ramusculum
421 666 611 759 quisquam
634 663 830 758 decerpere
847 661 1053 736 sustinuerit
1098 747 1101 754 ¹

37 765 188 838 &liceum
213 765 459 845 transmitoere
488 762 533 836 ad
560 761 784 856 Europeos,
816 782 898 848 cum
930 775 1052 834 tameo

33 863 120 954 plures
133 862 301 937 Botanici
318 883 396 937 non
412 873 552 942 tantum
575 861 708 954 plantis
725 857 921 952 Europaas
935 857 1054 932 deter-

31 959 241 1050 minaverint,
265 959 324 1034 sed
342 959 451 1034 emm
467 956 714 1037 remotillirnas
732 956 844 1045 Aua,
869 955 1005 1032 Africa
1018 953 1076 1028 δι

29 1057 174 1226 Ληιπξοα
198 1057 368 1154 regiones
393 1058 597 1154 pisaurum
620 1053 948 1150 investigandarum
972 1075 1057 1152 grae¹

28 1154 64 1227 lia
77 1157 113 1230 al
127 1155 233 1232 erint.

99 1373 129 1440 ς.
158 1349 263 1426 Nob.
288 1347 342 1428 D.
371 1346 564 1424 PRAESES
587 1344 625 1420 in
652 1347 946 1442 preleffionibus
967 1343 1051 1438 suis,
1183 1413 1189 1420 .

28 1445 81 1522 liro
96 1458 192 1542 1748.
219 1445 414 1538 institutis,
446 1445 579 1522 summa
598 1446 653 1523 ori
684 1447 885 1539 ¹facundia,
910 1441 1052 1518 audito·

27 1545 101 1618 ribus
119 1543 188 1620 suis
211 1545 432 1637 inculcavit,
459 1565 566 1640 quam
589 1469 815 1638 dessrando
841 1546 918 1622 lato
943 1541 1053 1618 Flora

25 1635 179 1718 Palestina
196 1642 235 1718 in
251 1644 348 1718 hunc
362 1663 479 1736 usque
492 1643 587 1718 diem
604 1635 948 1740 negleila‘jacuerit,
972 1661 1052 1734 qua

29 1751 120 1816 tanen
136 1741 185 1816 ita
204 1740 398 1816 defideratr
421 1737 508 1817 ellet
531 1737 770 1818 adoelillimis
787 1764 851 1837 per
867 1743 1054 1831 Europam

28 1833 223 1938 Theologis,
248 1852 292 1914 ut
308 1860 353 1912 ea
368 1837 528 1914 destituti
551 1839 590 1914 in
614 1839 833 1937 Phytologia
856 1835 964 1914 Sacra
987 1835 1053 1910 vix

29 1936 125 2026 perlem
138 1949 427 2032 promoverents
451 1933 714 2012 demonstravit
730 1951 849 2014 autem
864 1939 934 2012 Vir
949 1931 1053 2006 Cele-

30 2031 171 2110 brnimus
187 2035 410 2134 peregregie,
432 2055 547 2128 quem
562 2033 667 2124 eritr,
693 2057 771 2128 quar
787 2037 919 2130 elogia,
945 2051 1053 2126 quam

30 2135 156 2208 noninis
175 2133 393 2208 immortalis
410 2132 562 2228 gloriam
587 2128 828 2228 aTheologis
846 2140 1053 2225 reportatu-

30 2229 192 2320 melier,
233 2233 439 2326 quicunque
470 2229 623 2304 Terram
652 2229 816 2306 Sanctam
850 2230 986 2318 adiret,
1019 2225 1054 2297 ἀ

29 2323 138 2409 linas
153 2327 348 2404 Palestinae
374 2326 542 2402 colleilas
564 2347 645 2404 cum
670 2327 815 2404 erudito
840 2330 930 2404 orbe
953 2343 1053 2400 com·

29 2425 221 2536 omicaret3
248 2425 387 2540 Arrolos
402 2427 525 2538 itaque
539 2425 611 2538 fuit
626 2425 873 2541 auditoribus,
900 2440 941 2537 ur
957 2419 1051 2518 quis·

28 2520 1053 2717 llliillusll¹llllllllplllllllllllll

18 2732 89 2826 *cun
108 2720 236 2794 virtuti
258 2719 351 2794 nilril
376 2719 517 2794 invium
540 2719 648 2811 ellet,
682 2719 804 2814 itaque
825 2741 946 2814 opera
971 2737 1052 2814 pre·

29 2825 95 2892 uun
108 2819 393 2896 fastorusmulto
409 2814 646 2893 clarillimum.
798 2826 803 2842 “
1034 2831 1037 2838 ’
1068 2843 1072 2848 ·

99 3019 131 3090 ⁶.
157 3012 321 3092 sarno.
349 2967 721 3119 nnss'nrQursnr
752 3025 830 3087 tum
858 3011 1055 3097 nenena

29 3103 209 3204 studiosus,
237 3111 381 3186 demum
396 3109 497 3184 Med.
512 3109 676 3201 Dollor,
711 3108 957 3186 saluberrimis¹
974 3111 1055 3184 Ma-

27 3205 100 3296 gistri
126 3207 177 3284 sui
207 3208 433 3285 sermonibus
466 3208 735 3299 exstimulatus,
771 3209 867 3302 apud
887 3210 1055 3296 'animum

28 3299 101 3382 suum
128 3307 318 3387 constituit
348 3307 460 3380 aleam
479 3307 671 3400 experiri,
705 3307 858 3400 periculi
888 3309 1054 3400 quamvis
1156 3380 1159 3394 ,

30 3401 241 3490 plenillrmam.
305 3397 481 3478 Aditurus
515 3405 637 3496 itamre
666 3403 860 3495 Arabiam,
896 3405 1055 3500 linguam

33 3503 180 3578 arabicam
200 3505 264 3578 libi
289 3501 499 3578 familiarem
521 3503 670 3576 reddere
696 3503 856 3594 incepit,
881 3501 1055 3596 &adqui-

34 3591 209 3676 iudebita
236 3599 408 3686 Historiae
432 3599 620 3672 Naturalis
651 3600 887 3696 cognitione,
921 3600 1054 3674 sumtus

31 3697 114 3780 petiit
128 3699 170 3772 ad
193 3701 262 3772 iter
281 3697 422 3775 summe
456 3695 666 3782 ‘'fficultatis
687 3717 729 3773 ac
753 3699 929 3772 momenti
953 3695 1055 3771 susci·

30 3787 185 3876 piendum.
234 3797 431 3891 Populares
446 3795 524 3888 ejus
542 3793 757 3893 Ostrogotlri
775 3817 842 3890 pro
861 3809 937 3872 rata
950 3809 1054 3892 parte

29 3881 102 3968 suan
117 3897 348 3972 coourleruat
370 3891 590 3988 symbolam3
612 3891 735 3970 Patres
753 3891 963 4062 Academiucli
987 3887 1054 3966 sm·

885 4010 917 4087 g
956 4009 1057 4094 arum
