2602 4750
248 235 322 308 ῳ
564 213 739 294 anons
762 191 964 294 atrium

345 399 456 476 Pinus
474 400 643 484 unuln,
668 403 803 497 quem
816 403 972 500 Alpibus
985 401 1166 492 Helvetia,
1184 427 1259 484 mon

249 501 348 575 tibus
363 497 594 576 Tridentinis
612 501 647 578 δι
662 501 827 578 Sibiricis
842 501 983 590 crescit,
1008 503 1260 597 proceritatem

246 598 336 676 stras
358 597 464 672 facile
486 611 604 690 aequat
626 597 791 675 Abletes.
843 599 998 696 Lignum
1025 601 1101 692 ejus
1124 622 1182 673 nec
1200 605 1262 676 mul

247 709 326 771 tum
344 717 444 790 aquae
461 694 594 786 sorbet,
618 717 688 770 nec
705 695 767 770 sub
785 697 870 773 aestu
889 698 963 794 agit
982 698 1101 785 rimas,
1125 719 1214 790 quare
1228 695 1262 772 le

248 796 347 882 rius,
370 815 476 888 quam
500 795 571 866 ulla
589 793 666 867 iere
690 791 858 870 arborum
883 816 1060 891 generum
1074 796 1157 886 alia,
1177 810 1262 888 pure
1286 801 1287 816 ³

248 890 336 981 scit,
363 891 459 964 unde
476 892 549 964 hoc
575 891 638 964 vix
661 891 765 966 datur
790 895 908 988 aptius
929 893 1028 966 aliud
1049 891 1092 967 ati
1114 893 1264 988 perduran-

249 989 333 1062 dum
361 987 423 1061 sub
447 990 535 1075 dio;
561 1003 604 1063 ut
624 1003 807 1068 taceamus
830 991 990 1080 eiusdem
1013 992 1051 1064 in
1072 991 1208 1063 maximis
1223 989 1259 1062 iu·

116 1169 118 1180 ,
248 1085 424 1161 stinendis
442 1087 598 1160 molibus
615 1086 822 1164 firmitatem
841 1089 875 1163 &
892 1089 1134 1178 tenacitatem,
1159 1086 1259 1180 quaest

250 1181 387 1273 caulla,
417 1206 480 1260 cur
498 1186 664 1258 arborem
685 1186 781 1262 illam
801 1189 838 1265 iu
856 1186 990 1262 aedibus
1013 1183 1262 1260 construendis&
1286 1243 1287 1246 ,

203 1315 208 1328 ·
249 1284 428 1372 navibus,
456 1281 634 1377 saepiillme
658 1283 852 1359 adhibeant
877 1287 1028 1358 Veneti.
1081 1283 1149 1358 Ubi
1170 1283 1262 1355 hetin

189 1381 195 1394 '
249 1378 383 1453 Sibiria
403 1382 551 1454 uberius
570 1380 718 1470 erescit,
746 1384 832 1455 illuc
853 1403 984 1478 magno
1003 1379 1191 1472 numero'se
1204 1399 1261 1452 tou

249 1477 374 1552 ferunt
400 1479 566 1553 Mustelae
600 1479 812 1568 Zibellinae‚
848 1501 998 1573 quarum
1032 1479 1140 1574 pelles
1167 1477 1263 1572 pretio

107 1667 110 1674 Ι
249 1571 380 1652 sriiimae
397 1597 462 1667 per
478 1577 682 1650 universam
695 1579 815 1673 magni
831 1577 1192 1671 emtunturEuropam.
1219 1572 1262 1645 Ea·

251 1673 333 1746 dem
363 1675 438 1746 haec
468 1675 576 1747 arbor
608 1677 757 1748 Venetam
786 1675 848 1749 dat
883 1676 1158 1763 Taenarum,
1186 1669 1264 1767 priori

249 1769 558 1864 prestantiorem,
584 1771 761 1846 &iisdem
777 1773 898 1847 ussbus
915 1772 1175 1847 inservientem.
1207 1767 1263 1840 Cre

251 1866 319 1940 scit
336 1867 492 1962 denique
513 1868 615 1963 super
632 1868 705 1962 ipsa
722 1870 853 1964 fungus
877 1871 938 1944 ille
961 1893 1119 1966 purgans
1132 1871 1265 1964 Agnitus.

253 1964 315 2058 qui
340 1966 376 2039 in
399 1965 579 2042 medicina
604 1966 656 2041 est
678 1969 897 2059 percelebris
915 1969 950 2042 a
967 1970 1005 2042 in
1035 1967 1180 2042 officinis
1197 1963 1264 2058 plu·
1287 2019 1288 2058 Ξ

250 2061 465 2138 maceuticis
480 2066 631 2142 multum
647 2064 881 2154 consumitur.
933 2065 1038 2141 Nob.
1059 2067 1202 2140 Hallenu
1214 2079 1263 2153 ptr·
1287 2097 1288 2100 Ν

250 2159 376 2261 hibet,
405 2162 503 2254 quod
524 2163 599 2238 illie
627 2165 664 2238 in
692 2163 834 2258 alpibus
859 2162 1020 2238 crescere
1051 2161 1207 2256 incipiat,
1225 2151 1263 2228 ubi

253 2271 373 2331 cetera
395 2259 495 2352 sylva
513 2261 661 2349 definit,
689 2281 799 2353 quare
821 2264 929 2335 etiarn
947 2258 986 2334 in
1010 2261 1141 2336 nostris
1213 2255 1264 2324 ibus

253 2355 306 2432 ibi
335 2357 478 2446 praecise
506 2358 660 2449 plantari
689 2355 826 2450 pollet,
863 2358 950 2451 ubi,
983 2357 1125 2454 sylvat
1220 2365 1266 2438 Μ)

254 2451 385 2550 apricae
403 2469 590 2550 coeperunt
607 2470 745 2552 patere.

350 2647 460 2729 Pinus
477 2647 772 2740 CEMbRA‚'&
784 2651 897 2745 vulgo
915 2649 1099 2744 appellata
1113 2635 1272 2722 cedrusii

253 2746 392 2837 biritu,
418 2743 455 2818 in
472 2744 628 2860 Alpibus
645 2747 872 2835 Helveticis‚
897 2745 1166 2842 Allobrogicis,
1186 2741 1272 2844 ‘suu

254 2842 411 2920 lenubus
430 2843 705 2919 &Tridentinis
723 2845 816 2919 adeo
835 2845 982 2919 excellis
996 2848 1146 2936 eminen
1167 2855 1213 2926 ut,
1232 2837 1273 2907 ubl

254 2941 366 3017 Larix
386 2939 531 3027 deficit,
566 2943 642 3017 haec
664 2942 807 3016 demum
831 2942 949 3037 sylvas
967 2942 1127 3016 formare
1149 2935 1271 3030 incipiat

258 3042 424 3114 Gmelinus
450 3040 488 3113 in
512 3038 566 3113 Fl.
593 3040 669 3119 Sib.
696 3039 742 3112 T.
757 3040 785 3113 I.
812 3063 846 3132 p.
861 3050 951 3134 17'9,
983 3039 1029 3112 de
1057 3062 1098 3112 et
1121 3049 1225 3112 narrat
1244 3029 1273 3100 ie·

255 3135 424 3229 quentia:
451 3134 668 3226 „Naturalis
682 3138 806 3232 planta
825 3141 864 3210 in
880 3137 980 3210 omni
997 3136 1129 3210 Sibiria
1144 3127 1289 3212 abundiil

255 3232 432 3327 „frigoris
450 3235 699 3326 patientillrma
719 3235 752 3307 δι
773 3238 940 3308 locorum
965 3234 1171 3327 palustrium
1190 3245 1274 3302 aman·

257 3330 426 3424 „timon
454 3333 562 3406 arbor
581 3332 744 3425 adipetlu
757 3330 1015 3424 jucundissima,
1042 3331 1151 3419 rebla,
1175 3316 1275 3430 interit

256 3427 430 3521 „viridis
453 3429 605 3518 excelsa,
625 3429 804 3503 interdum
820 3429 953 3521 quovis
967 3429 1119 3502 robusto
1132 3427 1274 3499 virotul·

257 3528 368 3618 „sion
414 3525 455 3600 ln
467 3518 748 3602 Verchoturenfi
764 3527 891 3616 trallu,
916 3526 976 3618 qui
994 3525 1135 3600 saxosus
1148 3521 1206 3610 est,
1225 3533 1275 3590 tn·

257 3639 324 3714 „ta
338 3627 445 3718 hujus
462 3624 601 3715 arboris
621 3624 671 3696 est
686 3625 815 3719 copia,
842 3639 882 3696 ut
901 3624 946 3696 iis
966 3623 1073 3698 annis
1088 3623 1147 3715 qui
1166 3633 1275 3712 prome

256 3723 382 3814 „tioni
407 3743 584 3796 conorum
604 3722 751 3808 favent,
777 3723 929 3808 incolae,
954 3721 1090 3796 reliilis
1106 3717 1211 3816 agris,
1231 3709 1274 3800 sii·

255 3843 352 3912 „vas
369 3833 516 3914 petant,
544 3821 693 3894 nuculas
717 3818 925 3908 colleeluri,
952 3837 1031 3910 qum
1056 3817 1162 3891 etism
1180 3803 1275 3888 menis

255 3917 448 4018 „secundis
479 3929 713 4014 apponuntur
739 3915 772 3992 a
796 3915 901 4016 gustu
933 3914 1016 3992 suot
1050 3901 1276 4082 suavesfisdelnf

1151 4063 1177 4105 ν,
