2556 4742
501 1199 503 1204 ’
553 1207 658 1285 sun
698 1203 994 1308 ennsrnro
1269 1205 1270 1278 r

404 1393 489 1528 D.
534 1389 618 1522 D.
668 1351 828 1517 Cnn.
878 1351 1136 1514 Lrnnmr
1269 1521 1270 1526 g

425 1723 427 1728 Ι
648 1613 907 1722 Propofitusa
961 1651 966 1659 ·

175 1729 185 1754 ’
293 1733 586 1869 [ennon.
643 1779 799 1860 rnrn.
859 1744 1185 1862 norrnnao

645 1907 903 1972 Stoelholnrienfi.

500 2090 643 2188 Upsalne
675 2113 781 2186 1754·
836 2094 963 2168 Ouolr.
989 2059 1047 2186 ng.

551 2419 994 2497 Pumrnrro.
1067 2403 1078 2418 '

354 2569 537 2646 auciffimae
559 2593 623 2667 per
640 2586 814 2644 terrarum
835 2571 962 2646 orbem
984 2568 1154 2664 regiones
1175 2587 1270 2646 occur

378 2684 477 2757 runt,
490 2684 552 2742 aut
565 2670 711 2758 caloris,
728 2683 791 2742 aut
806 2669 950 2764 frigoris
964 2669 1194 2744 vehementia
1206 2667 1270 2760 ader

378 2767 575 2859 infestatae,
606 2781 647 2841 ut
659 2767 826 2840 homines
840 2789 900 2839 eas
916 2768 1093 2859 habitare
1116 2770 1270 2857 vitamque

246 2868 288 2943 in
308 2867 379 2941 illis
399 2865 592 2940 sustentare
617 2877 809 2958 nequeant.
859 2863 1058 2939 Vastillima
1076 2865 1210 2940 deserta
1224 2861 1270 2936 Zo]

134 3041 138 3048 ,
246 2989 304 3042 nae
326 2964 494 3054 torridae,
517 2976 668 3057 propter
696 2984 795 3056 aquae
823 2964 1010 3058 penuriam
1042 2965 1135 3056 quasr
1163 2953 1270 3070 adusta*

245 3063 420 3138 Pomonae
439 3083 481 3133 ac
499 3059 641 3135 Cereris
657 3059 854 3134 ministeria
875 3061 1017 3154 quidem
1040 3063 1221 3150 recusant,
1240 3057 1270 3144 iu

247 3176 369 3234 tamen
386 3158 520 3231 sterilia
541 3181 617 3231 non
638 3157 740 3249 sunt,
769 3159 875 3254 quin
878 3158 1042 3236 Pastores
1064 3182 1188 3256 greges
1210 3111 1270 3234 sunl]

248 3259 359 3332 etiam
378 3257 415 3328 in
431 3256 486 3328 his
503 3255 634 3350 posunt
649 3259 756 3336 alere.
807 3259 856 3332 Et
869 3276 1079 3352 quamquam
1094 3261 1190 3330 laetas
1203 3254 1270 3347 sege

246 3371 304 3430 tes
320 3356 550 3450 opimamque
564 3351 734 3429 mellem
724 3379 761 3430 m
774 3357 904 3430 horrea
918 3359 1110 3452 colligere,
1132 3355 1201 3427 illis
1216 3363 1270 3425 nol

247 3455 360 3544 licet,
387 3452 449 3546 qui
473 3451 700 3526 intensrffimo
719 3453 831 3528 Zonae
852 3453 881 3528 F
884 3456 1004 3549 rrgrdae
1025 3455 1144 3527 hieme
1163 3465 1270 3524 vexan

247 3567 329 3641 tur,
361 3564 423 3622 aut
449 3549 485 3622 in
502 3547 722 3644 Alpibus,q
726 3575 778 3624 uae
798 3553 859 3625 sub
878 3551 1080 3626 calidillima
1101 3552 1205 3624 etiam
1221 3543 1270 3618 Zo

246 3671 296 3725 na
317 3649 400 3744 gelu
424 3647 564 3740 rigent,
590 3648 687 3722 sedes
702 3575 745 3722 q&
765 3648 951 3724 domicilia
968 3653 1213 3736 collocarunt,
1228 3661 1270 3740 pn

246 3749 379 3820 cuariae
402 3759 520 3818 tamen
547 3767 599 3818 rer
591 3746 772 3820 feliciter
787 3769 933 3841 operam
949 3749 1048 3838 dant,
1068 3750 1100 3821 ἃ
1119 3763 1270 3822 armeno

247 3865 329 3921 rum
346 3839 478 3937 opibus
498 3844 654 3917 aluntur.
707 3844 909 3938 Operosum
930 3847 1036 3921 nimis
1057 3847 1173 3938 foret,
1190 3844 1270 3918 adcu

246 3957 326 4020 rate
342 3939 507 4017 instituta
526 3943 801 4037 comparatione
815 3945 1083 4042 pronunciare,
1103 3959 1270 4114 utrurpe·
1236 3939 1270 4010 le·

1205 4037 1270 4112 reio
