2556 4742
229 183 304 264 rra
480 271 482 280 y
660 173 863 254 oV1s.

230 379 302 452 que
323 371 491 454 tempore
516 364 656 436 vernali
683 366 904 456 educantur,
933 365 1073 460 frigore
1100 361 1264 442 adhucn

229 470 388 552 gnante,
423 456 481 531 sed
502 458 601 534 domi
626 478 858 553 remaneant,
889 464 1014 538 nevel
1038 463 1209 538 sanitatis
1231 464 1264 538 su

229 554 369 630 faciant
382 555 577 648 jacturam,
611 562 670 632 uel
685 561 915 656 degenerent.
966 561 1014 634 Et
1035 557 1104 634 hic
1125 561 1264 655 imprim

229 652 352 726 latitet
374 654 492 744 ratio,
518 677 581 730 cur
605 658 772 733 homines
789 659 921 753 plebeji
944 660 1056 754 magis
1075 660 1152 732 sint
1167 660 1264 732 ovibu

230 748 376 824 rusticis
407 756 596 841 contenti3
628 757 726 850 quod
755 755 893 831 scilicet
917 759 997 851 plus
1019 757 1229 849 meliusque
1254 779 1264 826 a

231 869 326 919 oves
343 847 629 940 prestantiores,
642 854 877 950 -nngncanas
895 855 928 927 δι
946 854 1182 948 Hispanicas,
1206 856 1265 927 alet

109 1014 113 1025 .
232 946 702 1042 dataequiraturpabulum,
722 975 825 1046 quam
843 953 884 1025 ad
899 953 1180 1037 ovesrusticas3
1205 973 1264 1043 quc

234 1044 305 1118 illae
325 1043 488 1136 pluribus
505 1049 642 1121 morbis
670 1051 737 1122 smt
758 1051 949 1142 obnoxiae,
978 1051 1012 1123 δι
1032 1050 1197 1144 proinde
1217 1049 1264 1122 iac

233 1143 305 1215 lius
320 1141 545 1233 moriantur,
572 1145 669 1238 quod
689 1147 802 1240 pelles
817 1170 937 1226 earum
960 1148 1004 1221 ad
1027 1147 1156 1220 vestes
1186 1145 1265 1220 minu

234 1253 382 1314 tenaces
397 1241 483 1329 smt;
514 1245 683 1338 quodque
702 1247 845 1319 demum
860 1243 996 1320 diutius
1012 1246 1113 1319 intra
1124 1243 1265 1318 ovileln

234 1339 387 1426 alendae,
413 1338 446 1410 br
465 1362 484 1410 a
500 1341 636 1434 frigore
654 1343 790 1417 diutius
808 1344 1052 1419 defendendae.
1110 1343 1192 1416 Has
1211 1361 1265 1428 ven

232 1436 398 1512 rationes
418 1437 477 1508 alii
499 1439 665 1513 refellere
685 1440 821 1528 solent;
848 1442 945 1535 quod
962 1443 1006 1515 ab
1027 1441 1170 1514 ovibus
1184 1435 1265 1512 Rulli

234 1535 289 1610 cis
317 1534 406 1606 lanae
432 1556 525 1623 una,
558 1538 621 1610 vix
647 1560 738 1612 vero
762 1541 839 1612 due
860 1540 983 1627 librae,
1016 1539 1061 1612 ab
1095 1531 1265 1631 Hispanicl

234 1631 523 1724 Anglicunisque
550 1655 685 1708 novem
715 1638 815 1711 librae
848 1639 1111 1726 obtineantur,
1145 1635 1203 1732 (it.
1236 1631 1265 1704 ll

238 1729 334 1838 Gotln
358 1720 441 1820 59.)
467 1730 636 1825 quodque
655 1734 737 1810 lana
766 1735 928 1810 nobilior
957 1736 1070 1830 duplo
1103 1733 1168 1808 vel
1189 1729 1265 1823 tripli

236 1838 359 1922 pretio
378 1841 521 1902 veneat.

313 1943 458 2018 Ovibus
484 1947 616 2023 nostris
642 1950 783 2026 rusticis
811 1975 876 2047 per
902 1952 1056 2027 hiemem
1088 1949 1265 2051 vehesuu

236 2040 324 2115 foeni
340 2042 465 2130 datur3
494 2046 697 2140 Hispanicis
723 2073 812 2122 veto
839 2049 872 2123 oa
894 2049 1109 2146 Anglicanis
1130 2047 1215 2122 haec
1230 2059 1265 2110 tl

237 2139 385 2242 sufficit3
412 2141 466 2216 uti
484 2145 581 2218 enim
598 2143 747 2239 majoris
765 2147 846 2222 sunt
862 2145 1148 2242 magnitudinis,
1171 2143 1217 2214 ita
1232 2155 1265 2210 vt

238 2235 303 2312 hes
326 2261 397 2314 una
418 2262 500 2316 cum
517 2242 663 2316 dimidia
678 2245 809 2337 cuique
825 2245 951 2320 barrum
968 2241 1142 2318 destinari
1156 2238 1259 2312 debet.

313 2378 416 2452 Oves
441 2403 566 2474 parum
587 2385 742 2476 bibunt,
770 2386 981 2480 optimeque
998 2387 1042 2457 ab
1062 2403 1158 2476 aqua
1182 2371 1266 2486 pluvi

240 2477 288 2550 ali
306 2478 367 2548 vel
386 2477 553 2554 fluviatili
572 2484 717 2574 valent,
743 2483 906 2578 stagnans
927 2496 1044 2555 autem
1062 2467 1266 2575 pestilenti·

239 2595 339 2650 mum
365 2575 435 2648 illis
468 2577 518 2650 est
546 2601 751 2670 venenum,
790 2582 886 2654 unde
913 2579 1037 2673 inpius
1066 2567 1266 2682 copiostlliul

240 2686 410 2766 pereunt.
462 2675 600 2750 AEstate
620 2680 752 2771 aquosa
778 2679 976 2752 innumeris
998 2677 1074 2749 fere
1096 2673 1227 2749 morbis
1238 2683 1266 2756 n

242 2769 385 2844 &antur
406 2791 519 2862 oves,
546 2775 675 2867 quibus
701 2777 870 2870 pabulum
899 2774 1074 2848 &cibum
1097 2775 1212 2848 minus
1227 2764 1266 2868 hl<

242 2869 378 2941 mitium
404 2869 600 2944 destinavit
618 2888 754 2947 naturae
772 2873 908 2948 austun.
960 2872 1091 2945 Hieme
1115 2879 1219 2965 potus
1237 2877 1266 2928 el

243 2988 322 3040 non
341 2967 505 3060 singulis,
530 2970 587 3041 sed
605 2972 752 3045 alternis
770 2972 896 3044 diebus
915 2970 1152 3057 conceditur,
1179 2958 1266 3034 nstatt

244 3086 338 3136 vero
351 3064 494 3153 quoties
513 3065 645 3141 sitiunt.
687 3067 1056 3162 Praecipiuntquidam
1068 3063 1266 3159 opilionum

244 3178 288 3234 ut
304 3163 347 3234 ab
365 3183 456 3253 aqua
473 3162 558 3236 nilo
572 3165 630 3237 vel
650 3166 921 3257 quatuordecim
940 3163 1015 3237 dies
1027 3165 1230 3239 abstineant,
1249 3145 1266 3216 ἅ

245 3260 399 3333 credunt
416 3260 448 3332 se
464 3261 535 3333 boc
548 3261 660 3335 modo
680 3264 841 3355 pluribus
857 3263 994 3338 morbis
1008 3263 1106 3356 polle
1126 3251 1266 3334 medellffl

245 3358 395 3431 adferte.
419 3357 568 3454 (Ablstr.
584 3377 619 3454 p.
640 3384 697 3435 22.
717 3366 749 3453 ᾗ,
770 3353 827 3452 7.)

315 3475 370 3548 Ut
396 3474 519 3546 Solum
542 3475 702 3562 illarum,
734 3472 830 3570 quod
854 3472 963 3546 initio
987 3475 1117 3567 capitis
1140 3450 1266 3542 ostendl⁴

244 3592 346 3659 mus,
374 3571 425 3644 est
450 3573 579 3647 siccum
606 3571 867 3666 bucellatum,
902 3572 951 3642 ita
980 3571 1015 3644 in
1042 3573 1133 3645 locis
1157 3551 1266 3636 clauis

244 3691 384 3764 vapore
398 3669 432 3742 &
448 3669 563 3743 nimio
580 3669 664 3741 aellu
675 3674 843 3764 repletis,
870 3667 1071 3743 incolumes
1090 3669 1209 3741 vivete
1223 3665 1266 3756 ut·

246 3782 394 3862 queunt.
449 3767 661 3858 Exemplum
675 3769 728 3842 rei
745 3771 861 3840 lucem
881 3765 1054 3840 adfundct
1073 3761 1265 3850 observatwy

245 3887 353 3959 quam
371 3863 538 3940 adferunt
555 3861 676 3958 Scani,
703 3865 801 3961 quod
820 3883 930 3956 quum
942 3863 1145 3940 consuleret
1160 3849 1266 4034 unffi
