2556 4742
261 237 331 324 156
520 163 722 309 CERVUs
750 229 1047 308 TARANDUS.

257 421 406 516 piuntur
434 419 468 493 u
495 417 780 494 Stockholmiam
810 417 917 494 milsae
946 420 1207 510 divenduntur,
1233 421 1271 498 bu

256 541 336 593 rum
353 519 502 611 inquam
521 519 630 612 pulli,
657 517 846 590 maximam
870 535 1010 612 partem
1034 517 1212 594 Culicibus
1234 543 1271 594 nu

257 617 416 689 criuntur
439 617 482 692 ad
501 615 728 688 auitumnum
745 636 882 706 usque,
899 615 963 690 ubi
986 616 1270 692 baccas-invades

257 713 450 802 Vaceinii,
480 712 658 804 lllyrtilli,
683 712 783 786 Vitis
804 712 902 786 idaeae
927 711 961 787 st
983 713 1160 808 Juuiperi.
1206 713 1271 788 Tun

181 893 186 908 ,-
257 833 350 885 vero
371 810 506 904 laqueis
530 831 548 883 a
575 811 810 903 Lapponeea
827 811 865 883 in
881 810 989 904 copia
1006 811 1234 902 occiduntur,
1253 835 1270 886 u

258 908 480 982 auiiumnule
502 910 578 999 ejus
598 907 805 980 alimentum
823 905 1048 999 conficiant,
1082 909 1271 1002 quemadnu

257 1007 341 1080 durn
359 1007 442 1078 ovis
457 1005 665 1097 aquatilium
679 1004 798 1076 arrium
814 1027 931 1076 verno
946 1019 1111 1100 tempore
1123 1005 1271 1102 saginatur

256 1097 437 1179 Praetereo
458 1102 594 1196 pisces,
619 1124 711 1194 quos
737 1101 773 1175 in
801 1101 976 1176 fluviis&
1002 1103 1151 1178 lacubus
1166 1105 1271 1198 Lappa

257 1202 327 1276 niae
349 1199 566 1286 uailillimis,
588 1198 735 1293 copiose
751 1200 902 1291 capiunt
919 1201 1091 1291 Accolae,
1108 1201 1271 1294 quibusque

258 1297 370 1371 escam
390 1297 617 1391 suppeditant
637 1296 745 1370 iidem
767 1297 820 1368 illi
843 1296 1008 1388 Calices,
1031 1299 1093 1390 qui
1113 1298 1271 1394 Rangiferr

257 1409 394 1470 tantam
421 1395 595 1468 exhibent
615 1393 838 1484 molestiam
865 1416 996 1487 nempe
1022 1395 1155 1470 hirsuta
1175 1395 1271 1490 Rangi·

257 1493 325 1567 ieri
346 1515 505 1580 cornua,
523 1513 601 1586 quae
619 1515 736 1565 verno
755 1507 920 1586 tempore
937 1493 1170 1578 excrescunt,
1189 1491 1271 1566 conti

257 1613 330 1665 nue
357 1601 564 1684 punguntur
590 1591 625 1662 δι
645 1588 857 1664 mordentur
886 1589 1115 1666 aCulicibus
1139 1590 1205 1665 illis
1224 1609 1271 1664 nur

257 1688 398 1777 minus,
423 1709 526 1778 quam
547 1707 567 1758 a
588 1687 726 1760 Tubunis
750 1687 892 1761 Turundi
902 1743 912 1774 ,
938 1707 1007 1760 nec
1021 1689 1095 1772 ulla
1115 1689 1158 1762 ab
1171 1685 1271 1762 Oellrir

258 1786 292 1858 ei
311 1784 411 1878 quies
430 1784 655 1876 relinquitur.
707 1783 875 1860 Redeunt
892 1785 1002 1880 igitur
1012 1786 1271 1878 erenonesquu

257 1883 347 1956 tidie
369 1883 412 1955 ad
432 1881 543 1956 casam
560 1881 766 1975 Lapponis,
787 1882 848 1954 ubi
863 1881 1041 1978 Agaricos
1063 1885 1221 1958 arborum
1239 1901 1271 1954 au

259 1979 401 2064 cendit,
433 2002 506 2072 quo
541 2000 666 2052 eorum
689 1993 867 2072 perpetuo
889 1980 1013 2067 fumo,
1043 1982 1164 2075 aliquo
1188 1981 1271 2058 salter

256 2092 446 2152 momento
463 2101 480 2148 a
495 2076 563 2150 suis
581 2075 851 2150 insectatoribus
867 2077 1051 2151 liberetur.
1089 2079 1185 2152 Dein
1199 2076 1271 2150 disce

258 2177 385 2250 dentes
412 2199 433 2247 a
455 2174 531 2247 casa
548 2174 768 2264 Rhenones,
795 2174 983 2269 postquam
1002 2175 1141 2250 sumum
1160 2185 1271 2272 except«,

256 2293 320 2361 re,
345 2272 511 2345 &ubera
535 2273 788 2365 praebucrunt,
821 2274 858 2346 in
884 2269 1033 2366 Alpium
1063 2274 1193 2348 summa
1220 2273 1271 2364 jup

192 2381 194 2388 “
257 2371 507 2466 contendunt,
536 2390 583 2442 ne
605 2369 650 2442 ab
668 2369 814 2442 Oestris
835 2367 1088 2446 conficiantur.
1142 2371 1270 2461 Namque

257 2469 297 2542 in
314 2468 456 2540 summis
478 2466 724 2544 cacuminibus
743 2467 913 2561 Alpium,
934 2468 997 2542 ubi
1013 2470 1166 2566 rigidum
1183 2485 1270 2564 peren

258 2577 324 2638 nat
340 2566 445 2658 gelu,
469 2565 571 2638 venti
589 2568 769 2638 continuo
788 2565 865 2638 sere
879 2561 1054 2656 seviunt,
1073 2568 1220 2658 dumque
1234 2565 1270 2636 rit

257 2661 293 2738 se
319 2659 528 2755 comprimit
552 2661 652 2735 finnt
686 2661 788 2756 serpet
818 2661 976 2737 artiffima
998 2665 1103 2759 juga,
1131 2660 1270 2741 difficilius

257 2758 391 2832 versari
414 2758 463 2830 ibi
487 2757 631 2853 poliunt
651 2759 789 2833 inseiis.
840 2762 979 2834 Verum
999 2764 1145 2854 quidem
1172 2761 1233 2848 est,
1251 2755 1270 2828 il

256 2856 414 2950 Alpibus
432 2856 545 2928 etiarn
572 2855 722 2950 reperiri
745 2855 909 2947 Culices,
935 2857 970 2931 oc
994 2861 1153 2951 ejusdem
1174 2857 1270 2953 parite

257 2954 419 3050 generis,
444 2975 516 3046 quo
539 2967 718 3026 vexantur
734 2953 906 3043 Deserta,
923 2969 960 3027 at
976 2959 1134 3048 majores
1150 2957 1196 3032 illi
1209 2953 1270 3028 sunl

257 3073 327 3127 nec
347 3073 460 3145 poros
482 3051 671 3146 inquirunt
687 3051 769 3124 dum
793 3069 974 3148 pungent,
1003 3053 1060 3128 sed
1082 3071 1200 3130 cutem
1214 3065 1270 3142 nol

256 3147 371 3222 solum
397 3147 649 3246 perstringunt.
713 3149 959 3223 Observantur
982 3152 1090 3226 etiarn
1114 3149 1236 3228 minori
1252 3145 1269 3214 ir

257 3247 390 3339 eopia,
411 3245 445 3318 u
470 3245 545 3319 sere
571 3245 718 3337 Alpium
745 3247 782 3320 in
804 3247 980 3338 vallibus,
1010 3250 1073 3324 ubi
1094 3243 1269 3350 tranquilli

256 3341 310 3416 est
328 3351 402 3432 aiir,
425 3343 519 3416 inter
540 3343 743 3417 frutices&
767 3367 895 3436 rupes,
924 3346 1082 3440 hincque
1100 3349 1203 3422 facile
1223 3357 1269 3417 eu

256 3441 357 3515 tandi
378 3440 615 3534 aRhenoue,
637 3463 744 3534 quum
765 3443 847 3516 loca
869 3443 1016 3518 celsiora
1030 3447 1136 3541 petit.

708 3585 742 3672 §-
793 3579 854 3653 ur.

638 3694 919 3775 OESTRUS.

283 3883 290 3890 .
351 3808 601 3888 Graviffimum
638 3815 909 3893 incommodum
950 3819 1149 3914 Rangifero
1187 3807 1269 3914 adi,

258 3900 394 4004 oestrus
412 3907 943 4002 Taraur‚a1r0b.u.1³raes1de
961 3917 1071 3992 variis
1087 3917 1125 3994 in
1136 3910 1221 3990 locis
1231 3903 1268 4074 gp
