2690 4722
259 217 326 298 μ,
513 181 1095 294 >mmmmmmmss

258 395 299 450 re
319 371 515 462 constitui,
546 393 622 447 non
639 371 799 468 ineptam
816 369 1108 461 esternacensi,
1136 369 1316 466 specimi-

258 471 316 548 nis
345 469 554 544 Academici
574 471 683 558 loco,
714 451 910 555 edendam,
939 483 1019 540 eta
1046 468 1190 542 nemine
1219 468 1314 542 mihi

258 568 356 663 vitio
378 565 611 656 uertendum,
635 579 749 662 puto,-
783 564 1066 641 needubitavit
1086 565 1314 666 illustrillima

258 665 373 838 §legia
393 662 643 762 §pigaciarum
654 659 850 768 Academia
868 657 1106 760 Londinenfis
1120 661 1247 740 ‘Cardu
1270 662 1311 738 in

273 785 355 838 uum
375 761 508 860 insigne
529 751 673 858 eligere.
879 759 888 769 ’

352 957 425 1031 Hic
452 957 547 1032 idem
569 955 700 1046 Canis,
724 956 834 1052 'apud
853 975 986 1032 ¹omues
1006 958 1081 1030 fere
1112 957 1310 1047 nationes,

256 1067 393 1129 tantam
419 1054 564 1152 inuenit
586 1056 757 1152 gratiam,
789 1067 830 1128 ut
849 1055 887 1130 ln
916 1055 1051 1144 aedibus
1080 1056 1219 1146 illarum
1246 1055 1309 1128 ad-

258 1164 427 1244 optetur,
455 1151 488 1225 u
510 1152 668 1246 propriis
690 1161 809 1224 earum
824 1152 952 1224 eduliis
968 1153 1168 1239 nutrialul3
1193 1154 1308 1226 immo

255 1249 458 1325 nobiliores
479 1250 693 1324 Domicellae
722 1263 829 1342 atque
849 1249 1029 1324 Matronae
1054 1251 1151 1323 illum
1177 1250 1217 1326 in
1245 1249 1308 1324 de·

255 1347 350 1423 liciis
372 1348 490 1442 gentis
504 1348 666 1422 humanae
682 1345 943 1440 liepeflhab'ent,
978 1369 1059 1420 cunr
1078 1348 1231 1422 Melitaei
1247 1369 1308 1422 ca·

255 1445 354 1532 telli,
398 1443 579 1519 Clientum
602 1444 709 1518 instar
739 1445 819 1538 iplls
847 1441 938 1520 sunt.
1002 1445 1085 1518 Nec
1116 1445 1307 1540 quisquam

255 1543 399 1632 credat,
446 1543 518 1615 hoc
552 1557 798 1640 argumentum
837 1541 888 1616 sat
925 1541 992 1614 esse
1028 1541 1306 1638 pertraearum,

254 1630 467 1732 qrranlqu'air'r
496 1631 596 1735 bojas
621 1638 665 1712 de
688 1629 847 1711 Cariib'us
872 1629 1111 1730 Britannicis,
1146 1637 1307 1716 &Porcl-

253 1745 340 1813 llnus
367 1738 404 1810 in
423 1741 643 1832 Cernograplia
667 1735 894 1828 sua'‚·prolirte
917 1735 960 1809 de
981 1737 1139 1812 Canibus
1160 1737 1306 1832 scripse-

252 1836 350 1922 rint,
378 1847 419 1906 ut
443 1836 533 1909 alios
559 1849 720 1923 taceam,
748 1853 840 1924 quos
860 1833 1066 1908 Benevolus
1083 1835 1216 1910 Ledlor
1237 1837 1306 1910 srbi

197 1981 201 1988 -
250 1931 442 2006 familiares
468 1932 616 2021 reddat,
651 1931 807 2008 iinurlta
832 1930 899 2008 h'tc
925 1931 963 2006 in
992 1932 1139 2010 rescire
1163 1935 1303 2028 cupiat.

251 2027 409 2102 Instituti
432 2031 525 2104 ratio
547 2032 618 2124 jam
641 2028 728 2102 mihi
750 2050 825 2107 nou
847 2029 1024 2121 permittit
1049 2032 1149 2121 plura
1167 2031 1235 2104 hac
1257 2032 1305 2106 de

252 2145 292 2202 re
314 2127 498 2218 prolerre,
523 2143 628 2222 quam
650 2147 726 2219 qua
747 2125 910 2219 inprimis
926 2126 971 2200 ad
991 2127 1175 2202 historiam
1197 2143 1304 2204 natu·

249 2227 361 2299 salem
383 2227 560 2314 attinent,
595 2225 718 2299 namsi
738 2224 861 2298 omnia
883 2224 927 2297 ad
944 2224 1127 2301 historiam
1146 2227 1304 2300 Littera·

250 2321 362 2410 riam,
402 2323 619 2397 anatomiam
647 2333 912 2414 comparatam,
948 2323 1304 2400 Medicamentorum

250 2419 533 2514 compositiones
554 2419 619 2499 dcc.
650 2419 891 2515 pertinentia,
915 2441 1199 2496 commemorare
1223 2427 1301 2498 vel·

249 2517 341 2604 lem,
378 2518 497 2608 opella
517 2518 597 2594 hac
626 2517 664 2592 in
692 2517 866 2592 volumen
894 2517 1135 2610 adcresceret,
1163 2519 1210 2592 dc
1234 2525 1302 2602 vix

248 2611 358 2690 finem
382 2614 608 2711 attingerem.
757 2668 762 2676 -
1085 2642 1087 2654 ¹
1123 2631 1127 2639 '

553 2879 556 2887 .
709 2757 834 2898 erl

612 2947 935 3024 ornus

226 3137 231 3149 ι
300 3091 449 3168 CANIS
476 3094 527 3167 eil
548 3101 725 3192 prudrupes
745 3097 883 3172 ordinis
906 3099 1038 3184 Ferini,
1070 3098 1128 3170 cui
1155 3095 1298 3174 Dentes

250 3253 270 3266 ..
348 3192 493 3266 Molares
514 3191 715 3286 superiores
736 3195 834 3288 seni,
861 3195 1053 3270 inferiores
1074 3193 1224 3288 lepteni.

297 3325 459 3402 Primores
476 3324 681 3418 superiores
697 3327 773 3401 sex:
798 3328 1004 3401 lateralibus
1025 3327 1269 3424 longioribus.

407 3455 411 3468 '
471 3451 662 3526 inferiores
687 3454 764 3528 sex:
801 3458 970 3552 extimis,
1001 3465 1111 3536 latere
1137 3460 1295 3552 extimo,

469 3605 473 3616 .
513 3549 699 3624 denticulo
726 3554 918 3630 instrudbis.

266 3683 410 3788 „Canini
430 3683 597 3760 solitarii:
643 3687 844 3783 superiores
877 3691 1047 3768 distantes
1077 3717 1097 3767 a
1129 3695 1293 3790 primori·

272 3810 278 3822 ·
337 3781 424 3856 bus:
453 3783 645 3859 inferiores
666 3785 835 3863 distantes
858 3813 878 3864 a
904 3793 1111 3866 molaribus.

1186 3971 1290 4064 su
