2556 4742
608 2 615 49 l

210 241 311 357 '182
659 228 859 347 ou1s.
982 356 985 362 ¹

236 437 384 518 Batavis
409 437 450 513 inw
469 439 727 533 proverbium,
760 441 879 534 quod,
902 440 966 514 ubi
979 465 982 474 ¹
995 453 1149 534 quatuor
1171 444 1268 532 bover'

235 538 363 633 pascua
382 534 652 624 consumserint,
678 538 727 611 ibi
749 540 823 612 duo
840 539 923 630 equi
940 537 1113 612 sufficiens
1136 543 1268 628 labeant

235 636 469 722 alimentum,
497 632 531 704 dt
558 635 638 726 post
657 635 725 710 hos
747 651 907 730 quatuor
924 658 1016 710 oves
1043 638 1158 710 adhuc
1176 640 1268 716 vitam

234 734 308 807 fine
334 730 521 822 dispendio
545 729 714 806 sustinere
736 734 876 829 pollrnt.
933 733 1144 808 Cavendum
1167 731 1268 828 itaqud

235 830 302 916 cii,
327 853 372 900 ne
391 849 481 899 oves
505 849 576 900 uua
593 831 676 902 cuni
694 834 812 905 bobus
828 853 904 905 uno
923 833 1063 904 alantur
1076 833 1177 927 loco,
1203 845 1268 936 prm

234 928 402 1000 verbium
415 927 511 998 enim
526 925 744 1002 nostratibus
756 946 956 1022 receptum,
981 931 1129 1004 veritati
1141 931 1268 1005 estcom

233 1045 385 1124 gruens:
411 1019 512 1100 Fdret
525 1047 646 1118 guager
666 1041 701 1102 ut
717 1034 789 1120 'o'gat
801 1023 852 1124 pul
862 1032 947 1102 loen.

313 1181 449 1256 Ouium
483 1205 608 1258 carnes
628 1184 782 1259 *ratione
809 1185 969 1258 alimenti
1000 1197 1266 1272 commutantur

233 1301 317 1356 nam
338 1281 377 1354 in
394 1281 526 1378 Anglia
547 1285 650 1378 Rapit
667 1281 831 1380 saginata
846 1284 922 1356 fere
941 1282 1114 1374 insipidae,
1140 1285 1264 1376 aliisque

232 1377 328 1451 locis
347 1378 517 1472 Abfinthr'a
534 1379 802 1454 comedentium
823 1403 928 1469 caro,
955 1393 1026 1452 tam
1051 1382 1192 1475 ingrato
1206 1377 1265 1454 infi-

234 1474 329 1548 citur
344 1476 652 1572 ndore&sa'pore‚
680 1494 719 1549 ut
730 1479 786 1550 edi
799 1500 876 1553 uon
889 1475 1013 1572 pouit,
1040 1476 1100 1550 sed
1114 1477 1157 1550 ab
1174 1477 1268 1552 onan

233 1571 302 1646 bus
326 1573 523 1666 rejiciatur.
581 1574 625 1650 In
652 1574 821 1668 Hispania
845 1597 959 1662 uero,
993 1575 1054 1648 ubi
1081 1578 1268 1670 Rusuuriuu

233 1669 270 1742 o
297 1671 437 1765 lemur
462 1672 534 1744 illis
557 1671 693 1765 praebet
714 1674 989 1763 nutrimentum,
1015 1676 1176 1748 omnium
1198 1669 1268 1766 sapi*

235 1765 376 1841 dilllmae
398 1767 557 1843 evadunt
573 1790 709 1843 carnes.

136 1993 139 2006 Ι
297 1908 502 1990 Recenuus
531 1909 578 1984 src
602 1911 785 2008 grutrjlfimir
815 1910 947 1984 ovibus
972 1909 1130 2004 plantis,
1165 1905 1268 2002 paucis

234 2003 361 2080 herbas
385 2008 457 2080 illis
483 2016 595 2082 noxius
611 2007 727 2082 sumus
744 2007 1075 2084 commemoratum.
1129 2007 1189 2080 Ha
1205 2005 1264 2098 qui·

233 2103 317 2177 dem
331 2107 438 2177 uarie
456 2104 548 2196 sunt,
576 2119 613 2178 at
625 2106 793 2182 omnibus
814 2105 1064 2193 enumerandis
1080 2105 1195 2200 opella
1207 2123 1268 2178 nou

232 2198 428 2289 sufficerem
460 2205 659 2298 peculiares
678 2215 797 2288 tamen
821 2201 918 2278 sunt:

225 2367 229 2404 ³
291 2372 342 2422 κῐ.
374 2349 563 2442 Equifetum
590 2350 743 2442 arveuse,
772 2349 918 2442 quodsi
946 2349 1144 2424 comedant
1169 2349 1262 2442 prino

234 2467 348 2544 vere,
373 2467 432 2518 eas
457 2444 541 2518 inde
564 2445 722 2521 abortire
748 2445 984 2520 observarunt
1006 2447 1258 2523 Batauum.

238 2549 319 2618 116.
343 2543 498 2617 W-Gotlr.
516 2547 574 2637 63.

224 2761 228 2768 .
310 2714 341 2764 2.
368 2691 607 2780 Rununculum,
627 2691 808 2766 Flommula
822 2690 967 2780 diuum,
990 2691 1123 2764 ovibus
1137 2703 1259 2768 nocere,

234 2788 436 2865 statuerunt
458 2787 637 2880 pastores,
665 2787 869 2882 graviffimae
885 2810 976 2862 vero
997 2789 1105 2860 nobis
1124 2783 1261 2872 dubitau-

236 2886 273 2959 di
291 2883 434 2960 subsunt
448 2886 628 2972 rationes,
654 2883 738 2958 num
758 2888 794 2957 in
810 2884 921 2959 escam
940 2907 1015 2956 eam
1028 2905 1181 2978 unquam
1195 2859 1268 2953 con-¹

202 2993 393 3058 *vertant
445 2981 544 3056 Idem
565 2985 664 3054 valet
690 2983 735 3055 de
757 2983 903 3078 Droseru
922 2983 955 3057 dt
972 2985 1179 3078 Pinguem.
1202 2969 1260 3048 vid·

145 3155 147 3162 ,
236 3079 358 3155 Barth.
376 3080 442 3155 att.
460 3099 493 3171 4:
516 3103 550 3174 p.
572 3085 650 3153 162.

310 3245 342 3315 3.
369 3221 580 3298 Autberirum
595 3219 794 3318 uffifrugrun,
819 3219 916 3314 quod
934 3221 1005 3294 olla
1019 3221 1156 3294 illarum
1171 3209 1261 3289 emol-

220 3321 321 3414 liat,
335 3318 445 3404 ,forte
463 3318 585 3410 potius
608 3340 698 3390 oues
719 3316 808 3410 ipsas
835 3334 1007 3407 enervat,
1038 3319 1127 3388 adeo
1152 3331 1187 3389 ut
1206 3329 1260 3383 am·

236 3419 360 3492 bulare
385 3437 460 3489 non
489 3416 644 3488 valeant.
698 3411 834 3510 (uarro.
865 3419 924 3490 au.
952 3439 984 3488 a.
1009 3431 1045 3510 p.
1070 3421 1149 3489 266.
1172 3399 1259 3502 232.)

236 3515 337 3602 Idem
371 3529 515 3688 qu'ogue
541 3512 769 3587 contendunt
798 3509 919 3587 rustici
954 3512 1136 3585 Smolandi
1165 3509 1258 3604 (Fur.

236 3614 425 3714 luu136·
474 3601 505 3700 ·)

307 3777 341 3843 4.
372 3753 504 3826 Kalmiu
526 3751 664 3841 lutrfolia
694 3752 729 3823 iu
753 3749 920 3846 Virginia
941 3751 1074 3824 ouibus
1098 3745 1259 3844 presenta-

236 3873 343 3929 neum
361 3848 411 3922 est
434 3870 638 3938 venenum,
665 3846 778 3946 (βίον.
798 3857 885 3942 virg.
909 3843 1011 3935 160.)
1029 3841 1201 3923 &Kalmiu
1214 3859 1256 3910 m·

227 3946 400 4047 gufirfrlr‘a
421 3946 460 4023 in
478 3946 516 4021 N
520 3948 732 4021 oveboraco
747 3945 902 4022 maxime
924 3945 975 4021 est
992 3947 1123 4020 ovibus
1137 3931 1256 4101 pellisra
