<?xml version="1.0" encoding="UTF-8"?>
<!DOCTYPE html PUBLIC "-//W3C//DTD XHTML 1.0 Transitional//EN"
    "http://www.w3.org/TR/xhtml1/DTD/xhtml1-transitional.dtd">
<html xmlns="http://www.w3.org/1999/xhtml" xml:lang="en" lang="en">
 <head>
  <title>
</title>
<meta http-equiv="Content-Type" content="text/html;charset=utf-8" />
  <meta name='ocr-system' content='tesseract 3.04.00' />
  <meta name='ocr-capabilities' content='ocr_page ocr_carea ocr_par ocr_line ocrx_word'/>
</head>
<body>
  <div class='ocr_page' id='page_1' title='image "./carolialinnequi07schrgoog_0352.png"; bbox 0 0 2584 4770; ppageno 0'>
   <div class='ocr_carea' id='block_1_1' title="bbox 218 233 1148 362">
    <p class='ocr_par' dir='ltr' id='par_1_1' title="bbox 218 233 1148 362">
     <span class='ocr_line' id='line_1_1' title="bbox 218 233 1148 362; baseline -0.005 -11"><span class='ocrx_word' id='word_1_1' title='bbox 218 265 439 352; x_wconf 79' lang='lat' dir='ltr'>ruamus·</span> <span class='ocrx_word' id='word_1_2' title='bbox 454 261 796 347; x_wconf 73' lang='lat' dir='ltr'>naturarum.</span> <span class='ocrx_word' id='word_1_3' title='bbox 963 285 1036 362; x_wconf 74' lang='lat'>347</span> <span class='ocrx_word' id='word_1_4' title='bbox 1143 233 1148 240; x_wconf 81' lang='grc'><strong>’</strong></span> 
     </span>
    </p>
   </div>
   <div class='ocr_carea' id='block_1_2' title="bbox 258 439 892 536">
    <p class='ocr_par' dir='ltr' id='par_1_2' title="bbox 258 439 892 536">
     <span class='ocr_line' id='line_1_2' title="bbox 258 439 892 536; baseline 0.005 -15"><span class='ocrx_word' id='word_1_5' title='bbox 258 454 332 536; x_wconf 71' lang='lat' dir='ltr'>a..</span> <span class='ocrx_word' id='word_1_6' title='bbox 351 439 739 524; x_wconf 81' lang='lat' dir='ltr'><strong>DEPENDEN‘HA.</strong></span> <span class='ocrx_word' id='word_1_7' title='bbox 769 462 774 471; x_wconf 91' lang='lat'><em>·</em></span> <span class='ocrx_word' id='word_1_8' title='bbox 886 477 892 490; x_wconf 62' lang='lat'><strong><em>¹</em></strong></span> 
     </span>
    </p>
   </div>
   <div class='ocr_carea' id='block_1_3' title="bbox 35 560 1039 864">
    <p class='ocr_par' dir='ltr' id='par_1_3' title="bbox 35 560 1039 864">
     <span class='ocr_line' id='line_1_3' title="bbox 99 560 1039 669; baseline -0.011 -21"><span class='ocrx_word' id='word_1_9' title='bbox 99 595 148 669; x_wconf 86' lang='lat'>37.</span> <span class='ocrx_word' id='word_1_10' title='bbox 168 568 387 648; x_wconf 85' lang='lat' dir='ltr'><strong>LUPINUS</strong></span> <span class='ocrx_word' id='word_1_11' title='bbox 404 571 497 641; x_wconf 80' lang='lat' dir='ltr'>attus</span> <span class='ocrx_word' id='word_1_12' title='bbox 513 564 674 638; x_wconf 86' lang='lat' dir='ltr'>demittit</span> <span class='ocrx_word' id='word_1_13' title='bbox 686 560 840 657; x_wconf 82' lang='lat' dir='ltr'>foliola,</span> <span class='ocrx_word' id='word_1_14' title='bbox 862 575 910 641; x_wconf 84' lang='lat' dir='ltr'>ut</span> <span class='ocrx_word' id='word_1_15' title='bbox 922 565 1039 640; x_wconf 89' lang='lat' dir='ltr'>omni·</span> 
     </span>
     <span class='ocr_line' id='line_1_4' title="bbox 35 661 1038 766; baseline -0.008 -20"><span class='ocrx_word' id='word_1_16' title='bbox 35 672 250 766; x_wconf 81' lang='lat' dir='ltr'>rependeant,</span> <span class='ocrx_word' id='word_1_17' title='bbox 276 667 394 760; x_wconf 85' lang='lat' dir='ltr'>iisque</span> <span class='ocrx_word' id='word_1_18' title='bbox 411 665 544 738; x_wconf 82' lang='lat' dir='ltr'>tenella</span> <span class='ocrx_word' id='word_1_19' title='bbox 558 661 746 756; x_wconf 83' lang='lat' dir='ltr'>proditura</span> <span class='ocrx_word' id='word_1_20' title='bbox 762 665 922 761; x_wconf 84' lang='lat' dir='ltr'>germina</span> <span class='ocrx_word' id='word_1_21' title='bbox 934 665 1038 738; x_wconf 86' lang='lat' dir='ltr'>obte-</span> 
     </span>
     <span class='ocr_line' id='line_1_5' title="bbox 36 757 1039 864; baseline -0.006 -22"><span class='ocrx_word' id='word_1_22' title='bbox 36 771 79 864; x_wconf 80' lang='lat' dir='ltr'>git;</span> <span class='ocrx_word' id='word_1_23' title='bbox 96 769 211 844; x_wconf 81' lang='lat' dir='ltr'>aeteri</span> <span class='ocrx_word' id='word_1_24' title='bbox 221 784 313 842; x_wconf 82' lang='lat' dir='ltr'>vero</span> <span class='ocrx_word' id='word_1_25' title='bbox 324 761 535 858; x_wconf 81' lang='lat' dir='ltr'>Lupinisua</span> <span class='ocrx_word' id='word_1_26' title='bbox 551 759 612 834; x_wconf 94' lang='lat' dir='ltr'>sub</span> <span class='ocrx_word' id='word_1_27' title='bbox 628 759 759 836; x_wconf 84' lang='lat' dir='ltr'>somno</span> <span class='ocrx_word' id='word_1_28' title='bbox 776 757 867 836; x_wconf 83' lang='lat' dir='ltr'>folia</span> <span class='ocrx_word' id='word_1_29' title='bbox 882 761 1039 857; x_wconf 81' lang='lat' dir='ltr'>erigunt.</span> 
     </span>
    </p>
   </div>
   <div class='ocr_carea' id='block_1_4' title="bbox 22 875 1124 2748">
    <p class='ocr_par' dir='ltr' id='par_1_4' title="bbox 28 875 1124 1857">
     <span class='ocr_line' id='line_1_6' title="bbox 96 875 1124 983; baseline -0.001 -31"><span class='ocrx_word' id='word_1_30' title='bbox 96 893 147 975; x_wconf 77' lang='lat'>38.</span> <span class='ocrx_word' id='word_1_31' title='bbox 170 875 524 952; x_wconf 75' lang='lat' dir='ltr'>oxntlstncamara</span> <span class='ocrx_word' id='word_1_32' title='bbox 540 875 652 952; x_wconf 74' lang='lat' dir='ltr'>notin</span> <span class='ocrx_word' id='word_1_33' title='bbox 663 877 788 952; x_wconf 90' lang='lat' dir='ltr'>omnia</span> <span class='ocrx_word' id='word_1_34' title='bbox 801 878 962 983; x_wconf 83' lang='lat' dir='ltr'>demittit</span> <span class='ocrx_word' id='word_1_35' title='bbox 971 875 1040 954; x_wconf 84' lang='lat' dir='ltr'>Fo·</span> <span class='ocrx_word' id='word_1_36' title='bbox 1119 906 1124 916; x_wconf 62' lang='lat'>¹</span> 
     </span>
     <span class='ocr_line' id='line_1_7' title="bbox 31 973 1041 1073; baseline 0 -23"><span class='ocrx_word' id='word_1_37' title='bbox 31 979 101 1068; x_wconf 86' lang='lat' dir='ltr'>iola,</span> <span class='ocrx_word' id='word_1_38' title='bbox 120 977 171 1052; x_wconf 89' lang='lat' dir='ltr'>sed</span> <span class='ocrx_word' id='word_1_39' title='bbox 184 973 410 1073; x_wconf 88' lang='lat' dir='ltr'>pedunculos</span> <span class='ocrx_word' id='word_1_40' title='bbox 427 977 637 1071; x_wconf 81' lang='lat' dir='ltr'>communes</span> <span class='ocrx_word' id='word_1_41' title='bbox 653 974 704 1050; x_wconf 89' lang='lat' dir='ltr'>ita</span> <span class='ocrx_word' id='word_1_42' title='bbox 718 975 946 1072; x_wconf 83' lang='lat' dir='ltr'>approximat</span> <span class='ocrx_word' id='word_1_43' title='bbox 960 995 1041 1050; x_wconf 87' lang='lat' dir='ltr'>cau·</span> 
     </span>
     <span class='ocr_line' id='line_1_8' title="bbox 30 1071 1042 1168; baseline 0.001 -20"><span class='ocrx_word' id='word_1_44' title='bbox 30 1075 60 1164; x_wconf 87' lang='lat' dir='ltr'>ii,</span> <span class='ocrx_word' id='word_1_45' title='bbox 80 1089 114 1148; x_wconf 90' lang='lat' dir='ltr'>ut</span> <span class='ocrx_word' id='word_1_46' title='bbox 131 1077 261 1150; x_wconf 83' lang='lat' dir='ltr'>tenella</span> <span class='ocrx_word' id='word_1_47' title='bbox 283 1071 374 1147; x_wconf 83' lang='lat' dir='ltr'>folia</span> <span class='ocrx_word' id='word_1_48' title='bbox 402 1071 642 1168; x_wconf 82' lang='lat' dir='ltr'>obtegantur,</span> <span class='ocrx_word' id='word_1_49' title='bbox 676 1073 977 1168; x_wconf 85' lang='lat' dir='ltr'>quemadmodum</span> <span class='ocrx_word' id='word_1_50' title='bbox 1002 1073 1042 1150; x_wconf 92' lang='lat' dir='ltr'>in</span> 
     </span>
     <span class='ocr_line' id='line_1_9' title="bbox 28 1171 913 1252; baseline 0.011 -6"><span class='ocrx_word' id='word_1_51' title='bbox 28 1171 65 1248; x_wconf 86' lang='lat' dir='ltr'>Lu</span> <span class='ocrx_word' id='word_1_52' title='bbox 86 1175 149 1252; x_wconf 64' lang='lat' dir='ltr'>ino}</span> <span class='ocrx_word' id='word_1_53' title='bbox 576 1183 581 1197; x_wconf 86' lang='lat'>&#39;</span> <span class='ocrx_word' id='word_1_54' title='bbox 907 1178 913 1192; x_wconf 93' lang='lat'>&#39;</span> 
     </span>
     <span class='ocr_line' id='line_1_10' title="bbox 65 1196 1043 1370; baseline 0 -24"><span class='ocrx_word' id='word_1_55' title='bbox 65 1196 144 1366; x_wconf 68' lang='lat' dir='ltr'>pso.</span> <span class='ocrx_word' id='word_1_56' title='bbox 168 1263 405 1346; x_wconf 79' lang='lat' dir='ltr'>IPOMOEA</span> <span class='ocrx_word' id='word_1_57' title='bbox 423 1275 565 1366; x_wconf 72' lang='lat' dir='ltr'>egyptio</span> <span class='ocrx_word' id='word_1_58' title='bbox 588 1266 833 1364; x_wconf 81' lang='lat' dir='ltr'>(Conooiuulus</span> <span class='ocrx_word' id='word_1_59' title='bbox 850 1273 1043 1370; x_wconf 67' lang='lat' dir='ltr'>perrupist-</span> 
     </span>
     <span class='ocr_line' id='line_1_11' title="bbox 28 1363 1042 1462; baseline -0.002 -20"><span class='ocrx_word' id='word_1_60' title='bbox 28 1363 102 1456; x_wconf 75' lang='lat' dir='ltr'>iusi)</span> <span class='ocrx_word' id='word_1_61' title='bbox 129 1369 184 1444; x_wconf 89' lang='lat' dir='ltr'>sua</span> <span class='ocrx_word' id='word_1_62' title='bbox 208 1389 357 1462; x_wconf 85' lang='lat' dir='ltr'>quoque</span> <span class='ocrx_word' id='word_1_63' title='bbox 380 1363 510 1440; x_wconf 81' lang='lat' dir='ltr'>foliola</span> <span class='ocrx_word' id='word_1_64' title='bbox 537 1365 582 1440; x_wconf 87' lang='lat' dir='ltr'>ad</span> <span class='ocrx_word' id='word_1_65' title='bbox 603 1365 843 1460; x_wconf 87' lang='lat' dir='ltr'>peduncuium</span> <span class='ocrx_word' id='word_1_66' title='bbox 870 1367 1042 1461; x_wconf 71' lang='lat' dir='ltr'>defledit,</span> 
     </span>
     <span class='ocr_line' id='line_1_12' title="bbox 29 1463 1043 1562; baseline 0.006 -27"><span class='ocrx_word' id='word_1_67' title='bbox 29 1467 143 1560; x_wconf 86' lang='lat' dir='ltr'>utquafi</span> <span class='ocrx_word' id='word_1_68' title='bbox 161 1465 358 1562; x_wconf 80' lang='lat' dir='ltr'>pendeant,</span> <span class='ocrx_word' id='word_1_69' title='bbox 382 1463 495 1541; x_wconf 80' lang='lat' dir='ltr'>firmis</span> <span class='ocrx_word' id='word_1_70' title='bbox 512 1465 601 1542; x_wconf 84' lang='lat' dir='ltr'>iicet</span> <span class='ocrx_word' id='word_1_71' title='bbox 614 1485 739 1540; x_wconf 89' lang='lat' dir='ltr'>eorum</span> <span class='ocrx_word' id='word_1_72' title='bbox 750 1465 898 1558; x_wconf 74' lang='lat' dir='ltr'>petiolis</span> <span class='ocrx_word' id='word_1_73' title='bbox 911 1465 1043 1559; x_wconf 85' lang='lat' dir='ltr'>partia·</span> 
     </span>
     <span class='ocr_line' id='line_1_13' title="bbox 32 1559 1045 1660; baseline 0.004 -28"><span class='ocrx_word' id='word_1_74' title='bbox 32 1563 108 1652; x_wconf 65' lang='lat' dir='ltr'>tibur</span> <span class='ocrx_word' id='word_1_75' title='bbox 134 1564 227 1640; x_wconf 86' lang='lat' dir='ltr'>uude</span> <span class='ocrx_word' id='word_1_76' title='bbox 250 1575 373 1660; x_wconf 81' lang='lat' dir='ltr'>patet,</span> <span class='ocrx_word' id='word_1_77' title='bbox 396 1559 489 1636; x_wconf 83' lang='lat' dir='ltr'>folia</span> <span class='ocrx_word' id='word_1_78' title='bbox 510 1562 660 1638; x_wconf 76' lang='lat' dir='ltr'>laxitate</span> <span class='ocrx_word' id='word_1_79' title='bbox 680 1583 757 1659; x_wconf 81' lang='lat' dir='ltr'>non</span> <span class='ocrx_word' id='word_1_80' title='bbox 780 1564 960 1658; x_wconf 70' lang='lat' dir='ltr'>pendete3</span> <span class='ocrx_word' id='word_1_81' title='bbox 985 1563 1045 1638; x_wconf 89' lang='lat' dir='ltr'>sed</span> 
     </span>
     <span class='ocr_line' id='line_1_14' title="bbox 35 1655 1045 1756; baseline 0.008 -26"><span class='ocrx_word' id='word_1_82' title='bbox 35 1659 186 1736; x_wconf 81' lang='lat' dir='ltr'>diacauffa</span> <span class='ocrx_word' id='word_1_83' title='bbox 206 1659 252 1734; x_wconf 87' lang='lat' dir='ltr'>ad</span> <span class='ocrx_word' id='word_1_84' title='bbox 270 1659 342 1733; x_wconf 90' lang='lat' dir='ltr'>hoc</span> <span class='ocrx_word' id='word_1_85' title='bbox 358 1659 464 1756; x_wconf 85' lang='lat' dir='ltr'>cogi,</span> <span class='ocrx_word' id='word_1_86' title='bbox 488 1655 614 1736; x_wconf 80' lang='lat' dir='ltr'>&amp;fieri</span> <span class='ocrx_word' id='word_1_87' title='bbox 630 1659 718 1752; x_wconf 88' lang='lat' dir='ltr'>hoc,</span> <span class='ocrx_word' id='word_1_88' title='bbox 739 1659 951 1738; x_wconf 87' lang='lat' dir='ltr'>observatur</span> <span class='ocrx_word' id='word_1_89' title='bbox 967 1674 1045 1738; x_wconf 88' lang='lat' dir='ltr'>tum</span> 
     </span>
     <span class='ocr_line' id='line_1_15' title="bbox 29 1753 904 1857; baseline 0.014 -31"><span class='ocrx_word' id='word_1_90' title='bbox 29 1755 197 1836; x_wconf 84' lang='lat' dir='ltr'>iueddario</span> <span class='ocrx_word' id='word_1_91' title='bbox 210 1753 401 1848; x_wconf 52' lang='lat' dir='ltr'>calcidio,</span> <span class='ocrx_word' id='word_1_92' title='bbox 425 1769 502 1832; x_wconf 88' lang='lat' dir='ltr'>tum</span> <span class='ocrx_word' id='word_1_93' title='bbox 518 1755 580 1835; x_wconf 86' lang='lat' dir='ltr'>sub</span> <span class='ocrx_word' id='word_1_94' title='bbox 597 1759 687 1832; x_wconf 78' lang='lat' dir='ltr'>calo</span> <span class='ocrx_word' id='word_1_95' title='bbox 703 1755 904 1857; x_wconf 70' lang='lat' dir='ltr'>frigidiore,</span> 
     </span>
    </p>

    <p class='ocr_par' dir='ltr' id='par_1_5' title="bbox 22 1864 1047 2748">
     <span class='ocr_line' id='line_1_16' title="bbox 94 1864 1043 1968; baseline 0.008 -23"><span class='ocrx_word' id='word_1_96' title='bbox 94 1893 146 1960; x_wconf 69' lang='lat' dir='ltr'>to.</span> <span class='ocrx_word' id='word_1_97' title='bbox 171 1869 466 1946; x_wconf 83' lang='lat' dir='ltr'>PHASEOLUS</span> <span class='ocrx_word' id='word_1_98' title='bbox 484 1864 724 1966; x_wconf 72' lang='lat' dir='ltr'>(semicrudas)</span> <span class='ocrx_word' id='word_1_99' title='bbox 739 1875 906 1968; x_wconf 70' lang='lat' dir='ltr'>strumoso</span> <span class='ocrx_word' id='word_1_100' title='bbox 921 1878 1043 1965; x_wconf 74' lang='lat' dir='ltr'>radice,</span> 
     </span>
     <span class='ocr_line' id='line_1_17' title="bbox 22 1967 1045 2081; baseline 0.009 -44"><span class='ocrx_word' id='word_1_101' title='bbox 22 1969 81 2062; x_wconf 77' lang='lat' dir='ltr'>flue</span> <span class='ocrx_word' id='word_1_102' title='bbox 90 1985 255 2068; x_wconf 82' lang='lat' dir='ltr'>purpurea,</span> <span class='ocrx_word' id='word_1_103' title='bbox 272 1967 394 2081; x_wconf 74' lang='lat' dir='ltr'>filique</span> <span class='ocrx_word' id='word_1_104' title='bbox 407 1968 619 2066; x_wconf 72' lang='lat' dir='ltr'>ongudifflma</span> <span class='ocrx_word' id='word_1_105' title='bbox 631 1971 743 2044; x_wconf 79' lang='lat' dir='ltr'>Plura.</span> <span class='ocrx_word' id='word_1_106' title='bbox 753 1971 842 2068; x_wconf 82' lang='lat' dir='ltr'>spec.</span> <span class='ocrx_word' id='word_1_107' title='bbox 859 1983 893 2055; x_wconf 84' lang='lat'>8.</span> <span class='ocrx_word' id='word_1_108' title='bbox 915 1973 1045 2066; x_wconf 77' lang='lat' dir='ltr'>quavis</span> 
     </span>
     <span class='ocr_line' id='line_1_18' title="bbox 26 2063 1045 2162; baseline 0.01 -28"><span class='ocrx_word' id='word_1_109' title='bbox 26 2063 211 2148; x_wconf 78' lang='lat' dir='ltr'>node-suum</span> <span class='ocrx_word' id='word_1_110' title='bbox 228 2066 351 2162; x_wconf 81' lang='lat' dir='ltr'>erigit,</span> <span class='ocrx_word' id='word_1_111' title='bbox 368 2066 407 2142; x_wconf 89' lang='lat' dir='ltr'>in</span> <span class='ocrx_word' id='word_1_112' title='bbox 421 2068 565 2152; x_wconf 84' lang='lat' dir='ltr'>calente</span> <span class='ocrx_word' id='word_1_113' title='bbox 581 2067 909 2160; x_wconf 62' lang='lat' dir='ltr'>quoquecaldarim</span> <span class='ocrx_word' id='word_1_114' title='bbox 927 2070 1045 2162; x_wconf 87' lang='lat' dir='ltr'>petio-</span> 
     </span>
     <span class='ocr_line' id='line_1_19' title="bbox 27 2161 1045 2260; baseline 0.015 -30"><span class='ocrx_word' id='word_1_115' title='bbox 27 2161 97 2252; x_wconf 82' lang='lat' dir='ltr'>lun,</span> <span class='ocrx_word' id='word_1_116' title='bbox 118 2179 156 2238; x_wconf 90' lang='lat' dir='ltr'>ut</span> <span class='ocrx_word' id='word_1_117' title='bbox 174 2162 330 2258; x_wconf 86' lang='lat' dir='ltr'>propior</span> <span class='ocrx_word' id='word_1_118' title='bbox 355 2165 471 2254; x_wconf 81' lang='lat' dir='ltr'>canii,</span> <span class='ocrx_word' id='word_1_119' title='bbox 499 2163 733 2258; x_wconf 77' lang='lat' dir='ltr'>ipsique-fere</span> <span class='ocrx_word' id='word_1_120' title='bbox 756 2163 819 2240; x_wconf 83' lang='lat' dir='ltr'>fiat</span> <span class='ocrx_word' id='word_1_121' title='bbox 834 2167 1045 2260; x_wconf 55' lang='lat' dir='ltr'>parallelum</span> 
     </span>
     <span class='ocr_line' id='line_1_20' title="bbox 27 2257 1046 2356; baseline 0.011 -26"><span class='ocrx_word' id='word_1_122' title='bbox 27 2257 162 2356; x_wconf 81' lang='lat' dir='ltr'>indque</span> <span class='ocrx_word' id='word_1_123' title='bbox 173 2261 306 2336; x_wconf 81' lang='lat' dir='ltr'>foliola</span> <span class='ocrx_word' id='word_1_124' title='bbox 319 2259 490 2352; x_wconf 86' lang='lat' dir='ltr'>demittit,</span> <span class='ocrx_word' id='word_1_125' title='bbox 513 2261 738 2354; x_wconf 58' lang='lat' dir='ltr'>reparanda</span> <span class='ocrx_word' id='word_1_126' title='bbox 751 2260 975 2338; x_wconf 84' lang='lat' dir='ltr'>constituant</span> <span class='ocrx_word' id='word_1_127' title='bbox 983 2285 1046 2342; x_wconf 75' lang='grc' dir='ltr'>οι-</span> 
     </span>
     <span class='ocr_line' id='line_1_21' title="bbox 26 2357 1045 2456; baseline 0.018 -32"><span class='ocrx_word' id='word_1_128' title='bbox 26 2358 109 2432; x_wconf 83' lang='lat' dir='ltr'>teriua</span> <span class='ocrx_word' id='word_1_129' title='bbox 131 2359 398 2455; x_wconf 70' lang='lat' dir='ltr'>respitiens,</span> <span class='ocrx_word' id='word_1_130' title='bbox 424 2373 589 2451; x_wconf 85' lang='lat' dir='ltr'>quartum</span> <span class='ocrx_word' id='word_1_131' title='bbox 612 2359 705 2432; x_wconf 77' lang='lat' dir='ltr'>latur</span> <span class='ocrx_word' id='word_1_132' title='bbox 722 2357 910 2456; x_wconf 85' lang='lat' dir='ltr'>supplente</span> <span class='ocrx_word' id='word_1_133' title='bbox 928 2362 1045 2453; x_wconf 78' lang='lat' dir='ltr'>caule,</span> 
     </span>
     <span class='ocr_line' id='line_1_22' title="bbox 27 2449 1046 2552; baseline 0.013 -30"><span class='ocrx_word' id='word_1_134' title='bbox 27 2449 95 2528; x_wconf 88' lang='lat' dir='ltr'>intra</span> <span class='ocrx_word' id='word_1_135' title='bbox 114 2479 186 2552; x_wconf 83' lang='lat' dir='ltr'>quae</span> <span class='ocrx_word' id='word_1_136' title='bbox 211 2455 455 2532; x_wconf 85' lang='lat' dir='ltr'>rudimentum</span> <span class='ocrx_word' id='word_1_137' title='bbox 479 2455 605 2544; x_wconf 81' lang='lat' dir='ltr'>rpmuli</span> <span class='ocrx_word' id='word_1_138' title='bbox 629 2457 804 2552; x_wconf 85' lang='lat' dir='ltr'>florisque</span> <span class='ocrx_word' id='word_1_139' title='bbox 823 2457 919 2535; x_wconf 69' lang='lat' dir='ltr'>arete</span> <span class='ocrx_word' id='word_1_140' title='bbox 942 2459 1046 2546; x_wconf 78' lang='lat' dir='ltr'>obte-</span> 
     </span>
     <span class='ocr_line' id='line_1_23' title="bbox 25 2551 1047 2652; baseline 0.004 -24"><span class='ocrx_word' id='word_1_141' title='bbox 25 2567 139 2648; x_wconf 70' lang='lat' dir='ltr'>turtur,</span> <span class='ocrx_word' id='word_1_142' title='bbox 165 2577 212 2632; x_wconf 87' lang='lat' dir='ltr'>ne</span> <span class='ocrx_word' id='word_1_143' title='bbox 230 2554 343 2652; x_wconf 79' lang='lat' dir='ltr'>frigus</span> <span class='ocrx_word' id='word_1_144' title='bbox 361 2567 425 2632; x_wconf 86' lang='lat' dir='ltr'>aut</span> <span class='ocrx_word' id='word_1_145' title='bbox 438 2576 501 2628; x_wconf 84' lang='lat' dir='ltr'>ros</span> <span class='ocrx_word' id='word_1_146' title='bbox 521 2551 688 2652; x_wconf 80' lang='lat' dir='ltr'>frigidior</span> <span class='ocrx_word' id='word_1_147' title='bbox 703 2556 853 2632; x_wconf 85' lang='lat' dir='ltr'>accedat</span> <span class='ocrx_word' id='word_1_148' title='bbox 869 2557 914 2634; x_wconf 82' lang='lat' dir='ltr'>ad</span> <span class='ocrx_word' id='word_1_149' title='bbox 932 2558 1047 2634; x_wconf 81' lang='lat' dir='ltr'>tenei-</span> 
     </span>
     <span class='ocr_line' id='line_1_24' title="bbox 26 2647 624 2748; baseline 0.007 -24"><span class='ocrx_word' id='word_1_150' title='bbox 26 2647 74 2724; x_wconf 77' lang='lat' dir='ltr'>lam</span> <span class='ocrx_word' id='word_1_151' title='bbox 88 2653 290 2748; x_wconf 86' lang='lat' dir='ltr'>plantulam.</span> <span class='ocrx_word' id='word_1_152' title='bbox 559 2675 562 2688; x_wconf 92' lang='lat'>·</span> <span class='ocrx_word' id='word_1_153' title='bbox 620 2678 624 2687; x_wconf 67' lang='lat'><strong><em>¹</em></strong></span> 
     </span>
    </p>
   </div>
   <div class='ocr_carea' id='block_1_5' title="bbox 18 2755 1180 3146">
    <p class='ocr_par' dir='ltr' id='par_1_6' title="bbox 18 2755 1180 3146">
     <span class='ocr_line' id='line_1_25' title="bbox 94 2755 1180 2862; baseline 0.009 -28"><span class='ocrx_word' id='word_1_154' title='bbox 94 2781 150 2852; x_wconf 78' lang='lat'>41.</span> <span class='ocrx_word' id='word_1_155' title='bbox 173 2757 501 2838; x_wconf 83' lang='lat' dir='ltr'>HEDYSARUM</span> <span class='ocrx_word' id='word_1_156' title='bbox 536 2765 708 2862; x_wconf 82' lang='lat' dir='ltr'>canadensr</span> <span class='ocrx_word' id='word_1_157' title='bbox 751 2755 934 2840; x_wconf 73' lang='lat' dir='ltr'>obtimat-</span> <span class='ocrx_word' id='word_1_158' title='bbox 960 2788 1046 2842; x_wconf 86' lang='lat' dir='ltr'>eun·</span> <span class='ocrx_word' id='word_1_159' title='bbox 1177 2756 1180 2764; x_wconf 68' lang='grc'><strong>’</strong></span> 
     </span>
     <span class='ocr_line' id='line_1_26' title="bbox 18 2851 1047 2961; baseline 0.014 -35"><span class='ocrx_word' id='word_1_160' title='bbox 18 2851 96 2946; x_wconf 87' lang='lat' dir='ltr'>der,</span> <span class='ocrx_word' id='word_1_161' title='bbox 118 2879 219 2952; x_wconf 91' lang='lat' dir='ltr'>quem</span> <span class='ocrx_word' id='word_1_162' title='bbox 237 2857 462 2954; x_wconf 77' lang='lat' dir='ltr'>precedent,</span> <span class='ocrx_word' id='word_1_163' title='bbox 485 2857 704 2937; x_wconf 81' lang='lat' dir='ltr'>dormitandi</span> <span class='ocrx_word' id='word_1_164' title='bbox 720 2863 882 2955; x_wconf 78' lang='lat' dir='ltr'>modum,</span> <span class='ocrx_word' id='word_1_165' title='bbox 909 2863 1047 2961; x_wconf 59' lang='lat' dir='ltr'>erigere</span> 
     </span>
     <span class='ocr_line' id='line_1_27' title="bbox 24 2951 1049 3146; baseline 0.012 -119"><span class='ocrx_word' id='word_1_166' title='bbox 24 2951 60 3121; x_wconf 52' lang='lat' dir='ltr'>lig</span> <span class='ocrx_word' id='word_1_167' title='bbox 72 2953 389 3146; x_wconf 49' lang='lat' dir='ltr'>gfflei&#39;ssrfiw</span> <span class='ocrx_word' id='word_1_168' title='bbox 416 2951 578 3052; x_wconf 84' lang='lat' dir='ltr'>foliaque</span> <span class='ocrx_word' id='word_1_169' title='bbox 597 2957 845 3054; x_wconf 89' lang='lat' dir='ltr'>demittendo,</span> <span class='ocrx_word' id='word_1_170' title='bbox 872 2974 915 3034; x_wconf 91' lang='lat' dir='ltr'>ut</span> <span class='ocrx_word' id='word_1_171' title='bbox 930 2963 1049 3109; x_wconf 72' lang='lat' dir='ltr'>omui·</span> 
     </span>
    </p>
   </div>
   <div class='ocr_carea' id='block_1_6' title="bbox 22 3163 1108 4041">
    <p class='ocr_par' dir='ltr' id='par_1_7' title="bbox 22 3163 1108 4041">
     <span class='ocr_line' id='line_1_28' title="bbox 96 3163 1048 3266; baseline 0.013 -30"><span class='ocrx_word' id='word_1_172' title='bbox 96 3187 149 3252; x_wconf 72' lang='lat' dir='ltr'>aa.</span> <span class='ocrx_word' id='word_1_173' title='bbox 169 3163 387 3240; x_wconf 81' lang='lat' dir='ltr'><strong>ROBINIA</strong></span> <span class='ocrx_word' id='word_1_174' title='bbox 398 3169 661 3266; x_wconf 76' lang='lat' dir='ltr'>Pseudo-acacio</span> <span class='ocrx_word' id='word_1_175' title='bbox 671 3169 832 3244; x_wconf 86' lang='lat' dir='ltr'>demittit</span> <span class='ocrx_word' id='word_1_176' title='bbox 844 3169 971 3266; x_wconf 72' lang='lat' dir='ltr'>quaeis</span> <span class='ocrx_word' id='word_1_177' title='bbox 981 3193 1048 3248; x_wconf 87' lang='lat' dir='ltr'>no·</span> 
     </span>
     <span class='ocr_line' id='line_1_29' title="bbox 25 3254 1049 3369; baseline 0.016 -39"><span class='ocrx_word' id='word_1_178' title='bbox 25 3254 64 3368; x_wconf 54' lang='grc' dir='ltr'>ἃς</span> <span class='ocrx_word' id='word_1_179' title='bbox 77 3259 196 3336; x_wconf 86' lang='lat' dir='ltr'>foliola</span> <span class='ocrx_word' id='word_1_180' title='bbox 210 3259 271 3336; x_wconf 84' lang='lat' dir='ltr'>sua</span> <span class='ocrx_word' id='word_1_181' title='bbox 287 3263 547 3358; x_wconf 83' lang='lat' dir='ltr'>horizontalia,</span> <span class='ocrx_word' id='word_1_182' title='bbox 562 3284 621 3369; x_wconf 58' lang='lat' dir='ltr'>¹ut</span> <span class='ocrx_word' id='word_1_183' title='bbox 642 3265 703 3340; x_wconf 85' lang='lat' dir='ltr'>sub</span> <span class='ocrx_word' id='word_1_184' title='bbox 723 3269 867 3362; x_wconf 86' lang='lat' dir='ltr'>petiolo</span> <span class='ocrx_word' id='word_1_185' title='bbox 888 3267 1049 3346; x_wconf 87' lang='lat' dir='ltr'>commu&#39;·</span> 
     </span>
     <span class='ocr_line' id='line_1_30' title="bbox 25 3361 1049 3464; baseline 0.014 -36"><span class='ocrx_word' id='word_1_186' title='bbox 25 3373 51 3460; x_wconf 75' lang='lat' dir='ltr'>ur</span> <span class='ocrx_word' id='word_1_187' title='bbox 68 3379 121 3448; x_wconf 88' lang='lat' dir='ltr'>per</span> <span class='ocrx_word' id='word_1_188' title='bbox 142 3361 242 3454; x_wconf 87' lang='lat' dir='ltr'>paria</span> <span class='ocrx_word' id='word_1_189' title='bbox 268 3363 494 3438; x_wconf 83' lang='lat' dir='ltr'>conniveant</span> <span class='ocrx_word' id='word_1_190' title='bbox 524 3363 582 3438; x_wconf 88' lang='lat' dir='ltr'>seu</span> <span class='ocrx_word' id='word_1_191' title='bbox 609 3365 880 3460; x_wconf 84' lang='lat' dir='ltr'>coadunentur,</span> <span class='ocrx_word' id='word_1_192' title='bbox 907 3369 1049 3464; x_wconf 83' lang='lat' dir='ltr'>paginis</span> 
     </span>
     <span class='ocr_line' id='line_1_31' title="bbox 27 3451 1049 3560; baseline 0.017 -38"><span class='ocrx_word' id='word_1_193' title='bbox 27 3451 230 3534; x_wconf 75' lang='lat' dir='ltr'>inferioribus</span> <span class='ocrx_word' id='word_1_194' title='bbox 244 3475 374 3532; x_wconf 89' lang='lat' dir='ltr'>mutuo</span> <span class='ocrx_word' id='word_1_195' title='bbox 393 3461 571 3536; x_wconf 75' lang='lat' dir='ltr'>obversis:</span> <span class='ocrx_word' id='word_1_196' title='bbox 597 3475 808 3538; x_wconf 87' lang='lat' dir='ltr'>nontamen</span> <span class='ocrx_word' id='word_1_197' title='bbox 825 3462 1049 3560; x_wconf 87' lang='lat' dir='ltr'>suntpetioli</span> 
     </span>
     <span class='ocr_line' id='line_1_32' title="bbox 27 3553 1108 3654; baseline 0.015 -31"><span class='ocrx_word' id='word_1_198' title='bbox 27 3553 164 3634; x_wconf 75' lang='lat' dir='ltr'>parides</span> <span class='ocrx_word' id='word_1_199' title='bbox 193 3555 369 3632; x_wconf 84' lang='lat' dir='ltr'>foliorum</span> <span class='ocrx_word' id='word_1_200' title='bbox 392 3558 486 3647; x_wconf 86' lang='lat' dir='ltr'>laxi,</span> <span class='ocrx_word' id='word_1_201' title='bbox 512 3559 569 3632; x_wconf 87' lang='lat' dir='ltr'>sed</span> <span class='ocrx_word' id='word_1_202' title='bbox 597 3561 750 3634; x_wconf 91' lang='lat' dir='ltr'>omnino</span> <span class='ocrx_word' id='word_1_203' title='bbox 774 3559 903 3654; x_wconf 87' lang='lat' dir='ltr'>rigidi,</span> <span class='ocrx_word' id='word_1_204' title='bbox 933 3561 1050 3638; x_wconf 90' lang='lat' dir='ltr'>itaut</span> <span class='ocrx_word' id='word_1_205' title='bbox 1102 3569 1108 3580; x_wconf 87' lang='lat'>&#39;</span> 
     </span>
     <span class='ocr_line' id='line_1_33' title="bbox 30 3639 1050 3756; baseline 0.019 -39"><span class='ocrx_word' id='word_1_206' title='bbox 30 3639 81 3718; x_wconf 85' lang='lat' dir='ltr'>hoc</span> <span class='ocrx_word' id='word_1_207' title='bbox 97 3647 154 3737; x_wconf 79' lang='lat' dir='ltr'>fiat</span> <span class='ocrx_word' id='word_1_208' title='bbox 170 3652 308 3729; x_wconf 77' lang='lat' dir='ltr'>flexura</span> <span class='ocrx_word' id='word_1_209' title='bbox 329 3653 423 3747; x_wconf 79' lang='lat' dir='ltr'>quan</span> <span class='ocrx_word' id='word_1_210' title='bbox 439 3657 669 3749; x_wconf 84' lang='lat' dir='ltr'>voluntaria,</span> <span class='ocrx_word' id='word_1_211' title='bbox 697 3657 916 3734; x_wconf 88' lang='lat' dir='ltr'>&amp;foliolum</span> <span class='ocrx_word' id='word_1_212' title='bbox 935 3660 1050 3756; x_wconf 88' lang='lat' dir='ltr'>impar</span> 
     </span>
     <span class='ocr_line' id='line_1_34' title="bbox 29 3735 988 3850; baseline 0.009 -29"><span class='ocrx_word' id='word_1_213' title='bbox 29 3735 224 3822; x_wconf 69' lang='lat' dir='ltr'>detminata</span> <span class='ocrx_word' id='word_1_214' title='bbox 241 3753 446 3844; x_wconf 85' lang='lat' dir='ltr'>dependeat</span> <span class='ocrx_word' id='word_1_215' title='bbox 464 3753 665 3830; x_wconf 88' lang='lat' dir='ltr'>transverse</span> <span class='ocrx_word' id='word_1_216' title='bbox 682 3755 847 3850; x_wconf 84' lang='lat' dir='ltr'>pofitum.</span> <span class='ocrx_word' id='word_1_217' title='bbox 985 3767 988 3776; x_wconf 92' lang='lat'>&#39;</span> 
     </span>
     <span class='ocr_line' id='line_1_35' title="bbox 22 3845 1049 4033; baseline 0.009 -114"><span class='ocrx_word' id='word_1_218' title='bbox 22 3845 556 4033; x_wconf 47' lang='lat' dir='ltr'>Pendietlg&#39;iibffiiiidssgffiilffl</span> <span class='ocrx_word' id='word_1_219' title='bbox 592 3853 778 3930; x_wconf 88' lang='lat' dir='ltr'>dormiunt</span> <span class='ocrx_word' id='word_1_220' title='bbox 809 3851 950 3930; x_wconf 82' lang='lat' dir='ltr'>foliolis</span> <span class='ocrx_word' id='word_1_221' title='bbox 989 3855 1049 3928; x_wconf 88' lang='lat' dir='ltr'>de·</span> 
     </span>
     <span class='ocr_line' id='line_1_36' title="bbox 219 3967 528 4041; baseline 0.013 -21"><span class='ocrx_word' id='word_1_222' title='bbox 219 3967 307 4041; x_wconf 81' lang='lat' dir='ltr'>s,u</span> <span class='ocrx_word' id='word_1_223' title='bbox 443 3969 528 4028; x_wconf 81' lang='lat' dir='ltr'>rora.</span> 
     </span>
    </p>
   </div>
   <div class='ocr_carea' id='block_1_7' title="bbox 796 4030 1108 4140">
    <p class='ocr_par' dir='ltr' id='par_1_8' title="bbox 796 4030 1108 4140">
     <span class='ocr_line' id='line_1_37' title="bbox 796 4030 1108 4140; baseline 0.013 -17"><span class='ocrx_word' id='word_1_224' title='bbox 796 4069 857 4140; x_wconf 74' lang='lat'>44.</span> <span class='ocrx_word' id='word_1_225' title='bbox 876 4046 1053 4130; x_wconf 68' lang='lat' dir='ltr'>auom·</span> <span class='ocrx_word' id='word_1_226' title='bbox 1105 4030 1108 4050; x_wconf 84' lang='lat'><em>&#39;</em></span> 
     </span>
    </p>
   </div>
   <div class='ocr_carea' id='block_1_8' title="bbox 0 0 1296 4770">
    <p class='ocr_par' dir='ltr' id='par_1_9' title="bbox 0 0 1296 4770">
     <span class='ocr_line' id='line_1_38' title="bbox 0 0 1296 4770; baseline 0 0"><span class='ocrx_word' id='word_1_227' title='bbox 0 0 1296 4770; x_wconf 95' lang='lat' dir='ltr'> </span> 
     </span>
    </p>
   </div>
  </div>
 </body>
</html>
