2606 4748
159 183 573 264 HORTICULTURA
594 185 914 268 ACADEMICA.
989 207 1061 283 219

110 361 338 475 §.XXXIV
390 365 683 444 MARITIMAE
710 366 748 444 in
771 365 941 442 litoribus
955 365 1064 442 marir

45 475 263 555 proveniunt,
290 463 352 535 ubi
377 464 500 538 multis
519 465 687 559 erpofitae
703 463 784 540 sunt
800 463 940 541 ventis:
991 463 1063 536 Ha-

48 559 253 650 nnquidern
271 558 410 634 radices
428 582 553 654 aquam
570 583 646 638 non
660 561 810 636 moleste
829 561 972 650 ierunt,
997 560 1064 654 ast,

49 655 155 746 endunt
172 671 296 731 tarnen
313 658 381 732 bac
399 659 625 752 copiofiore,
650 661 722 734 fine
740 659 983 748 detrimento,
1006 681 1064 732 ca·

46 766 125 840 nrr‚·
146 775 234 828 cunr
262 753 351 848 saepe
376 755 425 832 in.
442 755 513 850 ipsa
532 779 640 830 arena
663 755 791 830 mobili
816 751 1064 832 observentur.

44 849 106 922 Sdia
120 851 205 944 ipsis
223 871 315 944 aqna
332 850 384 926 est
402 853 553 948 optma,
573 875 676 948 quarn
695 853 771 928 aliae
788 852 863 926 fere
881 850 1063 948 respuunt.

82 961 138 1078 '§.
162 987 315 1060 XXXV.
365 967 673 1086 LACUSTRES
700 997 879 1081 perpetuo
908 983 1066 1060 radicem

35 1081 80 1154 snb
95 1105 183 1176 aqna
205 1083 364 1158 condere
380 1085 535 1176 volunt,
562 1107 631 1158 nec
657 1083 763 1159 facile
787 1081 955 1178 puntitnn
976 1103 1065 1159 con·

32 1182 403 1371 ffidusslsicsussfffflm‘
453 1181 596 1277 Aquam
621 1183 729 1256 etiarn
750 1181 857 1326 altine
878 1177 1066 1277 exsurgen-

107 1409 326 1504 §.XXXVI
371 1409 477 1486 PAL
485 1409 683 1486 USTRES
695 1409 732 1484 in
748 1405 892 1482 humida
907 1408 1066 1506 quidem,

40 1505 82 1579 ied
92 1511 189 1582 nolli
212 1525 333 1582 tamen
351 1507 385 1581 δι
402 1505 562 1604 groffiori
580 1520 675 1582 terra
693 1506 868 1580 habitant.

98 1653 128 1740 §.
152 1645 343 1718 XXXVII.
394 1647 459 1720 IN
464 1643 701 1718 UNDATAE
729 1641 867 1717 radices
885 1639 960 1718 suas
977 1663 1069 1736 aqua
1159 1570 1170 1597 ·

35 1765 84 1852 per
99 1745 254 1817 hiemem
278 1745 351 1838 tegi
372 1742 549 1853 gestiunt,
575 1740 634 1816 sed
651 1763 728 1833 qnae
746 1739 868 1814 aestivr
892 1762 1067 1837 evapora-

37 1855 117 1916 none
135 1839 343 1916 evanescat

97 1967 126 2054 ᾖ.
150 1959 360 2036 XXXVIII.
418 1955 713 2034 UbiGINOSAE
742 1953 878 2030 acidam
908 1955 943 2030 dt
969 1953 1067 2032 neri·

43 2059 91 2132 Ien
105 2058 262 2154 poscunt
282 2071 413 2132 terram
433 2057 504 2132 fine
522 2057 633 2130 humo
652 2052 782 2128 subtili.

114 2203 144 2290 n
173 2193 337 2268 XXXIX.
400 2183 702 2280 CAESPITOSAE
727 2197 857 2260 terram
882 2183 1071 2277 requirunt

46 2293 149 2368 acidam
179 2291 330 2381 dinam,
372 2290 447 2363 levi
478 2285 600 2362 musco
631 2283 781 2374 tedam,
825 2305 871 2356 ex
901 2281 1069 2356 radiculis

42 2398 252 2478 contextam,
277 2403 384 2480 atque
415 2387 468 2460 hae
493 2406 610 2460 verno
642 2395 807 2476 ternpore
840 2379 940 2454 tarde
969 2400 1069 2452 rena·

37 2491 173 2563 scantur.
244 2485 378 2560 Plantae
407 2483 443 2556 in
472 2483 538 2557 hac
569 2481 680 2556 humo
713 2476 919 2565 nascentes,
953 2495 1070 2549 verno

38 2605 184 2680 tenpore
210 2583 326 2678 probe
341 2581 477 2656 Mnieis
498 2575 733 2674 obtegenda,
749 2597 802 2656 ne
819 2575 901 2670 gelu
927 2573 1070 2648 noetur-

36 2707 104 2756 nurn
130 2703 253 2756 earum
281 2679 418 2752 radices
434 2677 631 2763 extrahat,
665 2674 820 2765 ideoque
841 2691 912 2750 nec
931 2670 1070 2748 radices

35 2783 124 2854 facile
144 2793 230 2854 ante
251 2776 438 2852 solstitium
464 2775 536 2848 aeri
559 2769 802 2866 exponenda.
929 2846 937 2856 ,

103 2903 137 2990 §.
163 2893 239 2968 XL.
295 2889 556 2967 UMBROSAE
588 2902 717 2962 terram
753 2887 872 2960 levem
907 2878 945 2956 in
976 2893 1070 2954 tran·

37 2995 134 3086 quillo
163 2991 224 3066 snb
256 2983 382 3064 umbra
413 2987 580 3064 arborum
619 2985 808 3070 incolunt,
854 2998 1072 3074 camposque

36 3107 167 3184 apertos
184 3091 351 3184 suffiunt,
374 3085 407 3184 bt
427 3084 545 3179 primo
562 3104 650 3156 vere
672 3077 879 3156 florescunt.

115 3213 151 3299 §.
176 3201 284 3278 XLI:
329 3197 679 3276 CAMPESTRES
709 3195 788 3270 sunt
820 3193 952 3285 variae,
995 3213 1109 3292 qun·⁴

36 3303 182 3376 silvarum
201 3303 360 3374 umbram
380 3321 455 3372 non
474 3296 666 3384 sustinent,
692 3291 749 3367 sed
767 3293 879 3364 Iibera
902 3292 1075 3384 &aperta

40 3419 107 3473 aura
128 3401 282 3472 libenter
300 3393 514 3490 vescuntur,
544 3408 584 3466 ut
612 3391 692 3488 (42.
708 3411 766 3482 43.
783 3411 841 3480 44.
861 3380 943 3478 45.)

117 3523 154 3608 §.
180 3515 291 3590 XLII.
343 3512 626 3587 ARVENSES
652 3507 789 3602 optime
820 3505 914 3580 inter
941 3501 1075 3600 segetes

46 3609 181 3686 interra
202 3611 325 3708 pingui
346 3611 379 3683 ἀ
401 3611 531 3684 necata
555 3605 728 3680 crescunt.

120 3738 155 3824 ᾗ.
177 3731 305 3804 XLIII.
376 3729 562 3804 CULTAE
590 3719 844 3823 pingnisiirnam
874 3729 1005 3792 terrarn
1040 3715 1075 3790 dt

41 3830 180 3903 maxime
202 3828 378 3904 friabilem
399 3825 592 3921 postulant.

878 3939 911 4026 §-
934 3929 1072 4008 κων.
1212 3905 1219 3922 ”
