2604 4736
126 182 539 302 noarrcuuruna
568 219 885 304 acronium.
944 213 1029 333 '223

68 411 99 501 §.
112 403 204 480 LXI.
258 399 613 498 TEPIDARIUM
623 402 752 495 hyeme
771 429 839 479 nec
854 409 946 486 infra
962 428 1032 490 ter·

26 507 75 580 im
88 502 233 598 gradum
251 499 386 574 caloris
403 499 646 592 refrigeretur,
671 523 738 575 nec
756 503 857 598 supra
876 527 1032 588 ratmum

25 603 110 676 oloris
128 599 337 688 incalescat,
365 619 411 670 ne
427 597 544 669 herbae
562 597 667 670 nimis
684 599 854 676 crescant.
893 608 1032 684 AEstate

25 723 76 772 reru
89 695 254 772 fenestrae
270 696 499 789 aperiantur,
523 707 585 767 aut
604 697 735 786 plantor
751 719 979 792 exponantur
998 709 1033 782 δι

25 813 70 870 ute
81 794 234 890 parietes
249 795 494 880 collocentur,
513 805 554 864 ut
568 791 690 867 calore
702 792 805 894 solari
818 796 1032 879 satis-fruan-

25 917 60 966 u.
108 893 191 1082 Hpc
222 889 419 964 conservat
442 890 583 982 plautas
605 891 812 965 Succulentas
837 895 870 968 δι
891 900 1033 994 Austra.

25 1015 50 1064 u.
78 989 141 1087 (ao
210 1067 216 1084 ‚

71 1105 224 1204 §.LXIL
269 1103 656 1193 FulchARruM,
681 1105 718 1179 iu
737 1130 809 1202 quo
827 1133 901 1187 non
920 1115 1033 1194 sinen.

27 1206 151 1292 uuest,
172 1223 215 1278 ut
231 1203 366 1296 hyeme
383 1202 495 1296 'frigus
517 1201 609 1274 infra
625 1203 792 1296 poncium
809 1209 1033 1306 congelatio-
1083 1235 1085 1240 ·

25 1305 53 1378 is
65 1301 249 1392 increscat,
274 1322 345 1374 nec
360 1298 462 1391 supra
480 1304 591 1372 62tum
609 1301 753 1394 gradum
770 1299 882 1397 calor,
908 1331 954 1382 ne
971 1335 1034 1386 ve-

25 1401 149 1492 publia
163 1401 239 1474 line
256 1398 426 1472 motione
442 1397 555 1484 aeris,
579 1398 676 1470 unde
693 1414 824 1476 tenerae
842 1405 875 1476 &
898 1405 1034 1486 debiles

25 1499 190 1584 eraderent,
210 1507 442 1590 augmentum
455 1493 610 1585 capiant.
654 1495 944 1590 Hybernaculum
962 1509 1037 1584 hoc

25 1595 104 1668 lertat
119 1593 313 1688 Hesperides
337 1583 403 1689 (5)
433 1591 621 1684 &plantas
637 1593 893 1674 Mediterraneos
921 1597 1012 1700 (21)

25 1713 73 1784 pua
88 1693 229 1784 hyemes
249 1687 392 1764 nostras
412 1688 474 1762 sub
499 1687 561 1760 dio
582 1709 659 1762 uon
679 1690 816 1796 ferent.
848 1761 851 1774 .

77 1811 196 1886 Praeter
221 1811 303 1886 hec
332 1813 510 1910 Vaporaria
535 1809 672 1904 institui
696 1811 851 1906 debent,
894 1817 931 1894 in
959 1823 1036 1912 qui.
1069 1870 1072 1882 ,

25 1907 66 1980 ius
84 1909 178 1983 fimus
208 1911 389 2002 equinus,
414 1909 475 1982 vel
503 1908 527 1981 sr
555 1907 693 1998 mavis,
726 1908 892 1986 Cortices
911 1915 1036 1994 Coria·

25 2005 123 2080 tiomm
151 2009 457 2102 compinguntur3
487 2027 610 2098 parum
635 2005 746 2079 refert
770 2013 945 2086 utrumvis
972 2013 1036 2092 eli.

27 2117 111 2196 pur,
136 2105 248 2178 modo
278 2103 428 2177 materia
450 2103 492 2176 fit
513 2101 556 2174 ad
576 2095 733 2174 calorem
757 2108 1037 2200 concipiendum

31 2199 131 2274 ilonea.
166 2202 210 2278 ln
226 2203 287 2276 his
305 2199 520 2296 vaporariis,
543 2211 721 2292 tamquam
741 2201 777 2274 in
793 2213 1038 2304 ventreequi.

30 2317 80 2384 no,
94 2301 316 2374 collocantur
338 2298 484 2372 tenellae
505 2297 636 2391 plantae
661 2295 877 2376 velsemina
899 2305 1037 2396 planta·
1074 2315 1078 2324 '

28 2397 288 2484 rmlrdr'cnrum,
312 2417 390 2489 quae
405 2395 554 2468 multum
574 2394 704 2468 caloris
723 2395 894 2488 poscunt,
922 2401 960 2476 in
981 2427 1039 2480 ur.

27 2491 64 2562 nis
77 2495 231 2583 qualibet
250 2493 343 2582 suis;
374 2491 425 2566 est
443 2513 534 2565 vero
550 2491 678 2566 horum
695 2493 899 2586 superficies
910 2499 1041 2579 'Arena
1092 2543 1097 2555 ·

27 2585 92 2660 bene
106 2592 259 2686 undique
279 2587 497 2686 operienda,
519 2612 567 2664 ne
585 2589 684 2687 calor
700 2589 898 2684 diffipetur3
925 2595 1040 2692 ipsum
1129 2677 1132 2686 ,

28 2699 113 2760 auten
135 2690 367 2784 vaporarium
392 2679 555 2760 fenestris
584 2687 787 2782 tegendum.
840 2691 911 2765 Hic
932 2718 1040 2770 omoe.

29 2779 131 2858 nillno
153 2785 356 2882 spectaculo
380 2783 533 2872 semina,
569 2785 672 2857 velut
700 2807 773 2858 ova
800 2781 861 2862 sub
885 2793 1039 2888 gallina,
1150 2821 1153 2828 ¹

30 2881 252 2976 excluduntur,
282 2883 488 2978 &parvule
504 2883 657 2976 plante,
683 2882 772 2956 srcut
790 2885 878 2977 pulli
895 2885 955 2970 sub
974 2892 1040 2966 alis

30 2981 182 3072 natemis,
206 2981 470 3057 relocillantur.
533 2976 744 3054 Cavendum
759 2981 841 3070 hic,
866 3001 913 3056 ne
936 2985 1040 3062 cestus
1083 2997 1085 3006 '
1164 2988 1171 3008 '

31 3072 151 3151 calorem
165 3079 319 3154 Gallinae
344 3077 549 3152 incubantis
575 3075 737 3171 firperet,
772 3099 841 3152 nec
859 3077 908 3152 sol
935 3085 1042 3158 meri-

32 3163 124 3246 dianus
139 3177 278 3269 plantas
295 3177 444 3249 tenellas
461 3188 598 3248 exurat.
649 3173 766 3267 Priori
787 3175 823 3248 in
846 3174 927 3254 casu
951 3201 1043 3256 urna

33 3263 66 3336 tll
80 3269 153 3342 loco
178 3273 359 3347 elevanda·
379 3273 411 3344 δι
430 3271 593 3346 fenestrae
612 3271 796 3364 paululum
817 3267 1041 3371 aperiendae,

35 3361 58 3432 lu
73 3367 247 3454 posteriori
270 3383 389 3444 autem
404 3368 566 3443 fenestre
587 3369 674 3442 velo
692 3371 754 3441 vel
769 3369 925 3466 stragulo
947 3375 1044 3450 circa

35 3461 202 3559 meridiem,
222 3466 368 3563 quando
385 3466 487 3542 aestus
504 3465 735 3557 accenditur,
761 3466 994 3546 obducendae.

41 3667 44 3675 .
91 3605 119 3688 §.
142 3601 268 3680 LXlll.
327 3603 489 3680 Suillio
521 3599 706 3696 persistant
734 3603 866 3694 planta
894 3585 1070 3678 Boreules'

41 3683 99 3780 (Ὦ)
119 3697 149 3770 &
168 3703 346 3778 orientales
364 3693 467 3798 (23),
486 3723 563 3792 quae
579 3699 712 3790 absque
727 3719 810 3770 cura
826 3701 978 3774 humana
992 3701 1044 3772 le·

37 3799 96 3884 plut
109 3795 223 3889 clima,
247 3821 406 3875 necnon
427 3801 644 3876 Occidentales
664 3786 777 3891 (24),
801 3797 934 3892 Alpino
953 3789 1044 3893 (25)

38 3875 189 3980 &larun
205 3901 472 3989 Mediterrmeae,
500 3914 647 3988 quarum
673 3907 795 3968 tamen
816 3893 1044 4087 radicetpgterp:

1019 1657 1034 1702 ,
1174 1639 1179 1660 Ι

1122 321 1125 330 ·
1259 288 1261 362 l

1259 399 1262 488 'l
