2606 4748
257 205 334 293 ,ιρις
569 187 679 290 uus
702 187 1005 272 renouatus.

251 404 261 433 ··
361 373 587 451 DESCRIP
596 375 723 451 TIO:·
770 379 874 474 Capru
902 388 1074 464 ovonem,
1095 363 1289 448 eremum

259 474 356 550 lum:
390 471 525 549 Rostro
550 473 701 567 obtuso,
726 474 946 566 rotundato,
974 473 1139 568 undique
1161 471 1289 564 pilistr

261 569 331 647 eto.
383 573 525 648 Lusium
538 573 693 668 superius
710 573 939 668 bipartitum,
961 571 1020 648 sed
1038 575 1213 652 clausum.
1248 581 1289 654 la

253 667 501 761 ,diumvinferius
517 674 626 766 longe
643 671 762 748 minus
777 670 952 764 superiori
970 672 1004 746 dr
1020 675 1197 768 brevius,
1223 677 1289 752 und

191 780 215 832 ’.
260 787 304 842 os
329 767 391 841 sub
415 767 532 842 rostro
562 783 721 863 apparet.
804 765 1166 866 Wbriffepiurimae,
1201 775 1289 870 capit

259 865 473 958 breviores,
497 866 667 960 utrinque
693 867 736 942 ad
761 869 873 942 latera
895 867 1015 944 rostri.
1066 872 1157 946 Sero
1175 875 1289 946 circite

236 975 333 1043 „tres
361 962 463 1057 supra
492 964 661 1039 canthum
692 968 790 1062 oculi
816 967 1057 1059 anteriorem,
1096 967 1134 1041 dt
1167 971 1289 1044 totider

112 1129 115 1138 .
258 1082 358 1156 pone
375 1076 437 1135 aut
453 1062 528 1140 sere
545 1059 639 1137 infra
657 1065 828 1140 canthum
846 1064 946 1138 oculi
963 1064 1223 1159 posteriorem.

356 1225 469 1298 Nares
499 1222 676 1317 minime,
711 1237 893 1320 curvata,
922 1225 1153 1306 transverse.
1224 1228 1289 1304 out

259 1317 370 1424 susci,
400 1323 661 1447 prominentes.
738 1381 740 1386 .

356 1460 524 1556 Palpebrae
545 1460 707 1554 margine
723 1459 835 1536 nudo.
885 1457 1059 1536 Auricule
1086 1460 1177 1558 pisis
1188 1459 1289 1556 paullo

257 1558 468 1650 longiores,
492 1559 718 1648 remandate,
745 1553 978 1652 obtufiffimae,
1003 1559 1191 1653 repandae,
1214 1571 1289 1630 exnu

257 1655 377 1742 nudae,
400 1671 441 1726 ut
457 1676 560 1728 venae
579 1657 804 1749 pellueeant3
830 1656 927 1730 intus
943 1656 1144 1751 subpilosae.
1194 1659 1289 1732 curu

259 1750 498 1827 brevissimum
524 1751 557 1824 u
584 1753 660 1826 sere
681 1755 831 1830 nullum.
890 1755 1039 1829 Truncus
1066 1753 1289 1847 cylindricus,

259 1850 404 1944 equalis
423 1850 455 1922 dr
473 1851 612 1946 gibbus.
669 1852 769 1925 Pedes
795 1849 938 1924 ratione
955 1851 1216 1948 magnitudinis
1234 1851 1289 1920 bre·

260 1970 338 2020 ves.
391 1949 517 2021 Manus
542 1949 756 2040 metacarpis
776 1948 1005 2036 incedentes,
1029 1947 1289 2042 quadripartite,

256 2045 376 2139 ,digito
397 2047 534 2118 extimo
552 2046 761 2136 breviore,
778 2047 948 2140 Unguibus
969 2047 1186 2121 acuminatis
1203 2059 1289 2116 arue-

259 2156 329 2228 tat
365 2142 484 2218 subtus
505 2158 623 2218 autem
648 2166 774 2218 manus
794 2143 897 2216 nude
916 2142 1015 2226 sunt,
1041 2166 1125 2226 cum
1145 2144 1289 2238 caleaneo

165 2254 168 2260 '
261 2239 404 2316 obtuso.
439 2241 542 2314 Pedes
553 2243 740 2339 polluimus
758 2242 880 2341 paullo
890 2242 1090 2338 longiores,
1103 2239 1289 2344 plantisme·

260 2339 315 2436 gis
334 2339 525 2433 oblongis,
547 2338 831 2435 angustioribus,
857 2340 1035 2420 calcaneis
1052 2339 1128 2414 sive
1147 2336 1235 2412 tarsis
1249 2351 1286 2438 iu·

261 2437 453 2526 cedentes,
481 2434 600 2510 subtus
617 2437 702 2516 nudi
714 2460 740 2514 t,
761 2435 898 2534 Digitis
915 2438 992 2515 sere
1009 2437 1222 2530 aequalibus,
1239 2443 1280 2500 m·

261 2535 349 2620 bus,
378 2533 592 2627 profundius
610 2533 771 2630 partitist
807 2537 979 2628 Unguibus
993 2533 1281 2638 longioribusq-

261 2631 469 2706 tetioribus.
504 2629 506 2636 ’
533 2636 643 2707 Cauda
664 2631 818 2705 omnino
840 2633 960 2722 nulla,
994 2633 1027 2706 or
1055 2653 1103 2706 ne
1124 2629 1281 2720 vestigium

263 2727 418 2821 quidem.
472 2729 545 2805 Pili
560 2730 694 2823 absque
711 2731 866 2820 vellere,
890 2729 1062 2818 conferti,
1087 2729 1204 2804 minus
1219 2715 1283 2830 mol·

261 2827 315 2900 les
328 2825 429 2919 supra
448 2827 602 2915 collum,
632 2827 690 2899 seu
708 2827 830 2920 potius
846 2849 866 2900 a
882 2827 1021 2900 vertice
1035 2827 1166 2918 capitis
1183 2821 1220 2896 ad
1233 2825 1287 2890 ier-³

262 2925 426 3020 pularum
446 2926 632 3040 regionem
646 2924 848 3021 longiores,
874 2922 1082 3014 erediiores,
1108 2919 1281 3020 rigidiores.

360 3062 521 3136 Gurituiio
538 3074 687 3134 externe
703 3055 767 3132 vir
783 3060 1006 3156 distinguunt
1020 3059 1151 3134 sexum.
1200 3052 1286 3126 Muri

262 3184 321 3233 me
345 3158 381 3231 in
402 3158 536 3232 semina
560 3172 697 3232 tantum
719 3157 816 3246 duae,
853 3159 891 3232 in
915 3158 1052 3254 fingulo
1075 3154 1215 3254 inguine
1233 3145 1281 3234 ssfl·

263 3258 367 3354 guia,
394 3255 572 3346 subulata,
598 3254 796 3328 extrorsum
814 3255 919 3332 flexa.
1284 3287 1285 3290 Ν

363 3394 453 3465 Color
470 3391 507 3463 in
522 3391 594 3464 boc
609 3412 740 3487 genere
756 3389 847 3464 adeo
865 3392 988 3466 varius
1005 3389 1076 3478 est,
1104 3373 1279 3484 studuit

264 3491 380 3566 multo
407 3485 674 3578 difficillimum,
708 3490 767 3580 qui
796 3488 880 3562 huic
903 3490 1074 3562 animanti
1094 3489 1137 3580 fit
1155 3475 1278 3577 peruua-

265 3589 330 3678 ris,
349 3609 428 3659 cum
447 3586 511 3657 vir
528 3584 633 3674 duos,
648 3587 709 3658 sibi
721 3587 878 3659 invicem
897 3587 1049 3660 omnino
1068 3583 1200 3660 similes
1212 3587 1284 3682 <Ob

264 3685 400 3777 spicere
414 3685 529 3758 detur.
580 3682 671 3756 Sunt
681 3698 801 3766 tamen
816 3683 978 3776 plerique
990 3679 1175 3778 uariegati,
1192 3663 1274 3746 nibli

264 3783 401 3860 scilicet
424 3803 469 3855 ex
489 3781 597 3869 albo,
622 3783 757 3869 rubro,
787 3781 894 3876 nigro
915 3779 1150 3856 diversimode
1172 3767 1271 3846 colori·

263 3877 348 3956 bus!
388 3881 551 3984 Quaeres
568 3879 605 3952 in
622 3877 862 3956 animantibus
877 3878 1058 3954 cicuribus
1076 3877 1126 3952 est
1141 3871 1272 4041 stgffi,

1154 4051 1157 4060 ’
1281 4059 1282 4125 i
