2556 4742
254 223 325 315 19‘4
520 205 535 236 ⁴
559 155 1000 340 ntuseoROELtusss

247 399 305 494 jus
328 393 607 490 descriptionem
626 418 754 491 neque·
771 421 790 472 a
810 399 921 494 scopo
943 399 1097 474 alienam
1120 397 1211 486 else,
1236 417 1268 472 ot

248 518 320 591 que
340 495 535 589 specimine
554 495 777 569 Academico
801 498 980 592 indignam
1007 497 1147 591 judico.
1198 493 1268 594 Eleg

248 613 381 688 nempe
412 591 604 664 MUREM
631 592 964 692 PORCELLUM,
1005 595 1066 689 qui
1097 595 1266 669 interdurn

192 715 196 731 ·
249 690 413 788 quamvis
436 689 573 780 rarius,
591 689 639 762 ‘in
659 690 781 765 nostra
797 691 926 766 Suecia
946 696 1063 767 cultus
1086 693 1229 784 visitur,
1259 695 1268 764 l

248 811 273 866 a
297 803 433 864 naturae
462 787 605 880 quidem
630 788 802 882 curiosis,
843 789 932 863 licet
957 791 1163 886 voluptatis
1189 789 1268 886 magi

248 909 352 984 quam
367 886 455 960 lucri
484 905 592 978 ergo,
613 885 795 980 diligitur,
828 902 935 985 atque
959 911 1038 962 eam
1060 888 1223 983 inprimis
1245 889 1268 960 ol

183 1056 186 1072 ‚
248 982 421 1073 caussam,
448 981 565 1074 quod,
593 1004 802 1076 quamquam
818 987 871 1082 ab
894 987 1062 1060 omnibus
1083 987 1268 1081 quibuscuu

248 1104 319 1178 que
335 1079 457 1155 obviis
474 1079 533 1154 bic
549 1080 659 1176 vulgo
682 1079 913 1173 discerniurr,
939 1105 959 1158 a
979 1085 1160 1180 Zoologis
1183 1099 1268 1156 tamn

247 1175 438 1273 Europaeis
460 1199 536 1250 non
552 1177 616 1256 nili
636 1179 757 1253 obiter
774 1179 871 1253 forte
887 1180 1084 1277 descriptus
1105 1181 1170 1270 sit,
1204 1201 1268 1272 qno<

246 1298 366 1357 rneum
394 1276 642 1369 propositum,
680 1289 721 1350 ut
749 1278 840 1370 equi
865 1300 984 1354 rerum
1011 1277 1183 1356 censores
1206 1275 1268 1370 equ‘

233 1374 409 1469 ¹bonique
430 1371 640 1468 consulant,
668 1373 776 1450 enixe
796 1397 901 1476 rogo.

332 1690 495 1778 Pertinet
513 1713 605 1771 vero
624 1693 697 1770 hoc
714 1578 844 1773 airlilriral
864 1695 907 1770 ad
924 1693 1090 1770 ordinem
1110 1694 1268 1799 derapr

249 1805 345 1886 dum,
376 1797 435 1890 qui
455 1799 562 1870 Glires
580 1793 768 1887 continet,
796 1817 876 1870 cum
900 1807 1051 1886 utraque
1071 1794 1153 1888 ejus
1176 1789 1268 1865 mani·

249 1902 305 1987 la,
344 1895 378 1969 dt
405 1891 624 1988 superior&
653 1890 827 1986 inferior,
861 1913 938 1968 non
967 1889 1143 1968 instruile
1167 1889 1205 1964 fit
1227 1885 1268 1961 nil

249 1995 391 2070 duobus
416 1991 583 2064 dentibus
609 1989 808 2085 incisoriis,
841 1989 950 2066 nullis
983 2004 1105 2064 autem
1138 1985 1268 2074 caninis,

248 2093 308 2174 sed
326 2089 488 2188 pluribus
508 2087 721 2161 molaribus.

343 2211 475 2290 Errant
485 2211 633 2314 itaque,
654 2209 713 2302 qui
732 2207 776 2282 ad
792 2209 941 2284 Suillum
956 2229 1092 2305 genus,
1117 2209 1157 2284 in
1171 2203 1268 2282 ordin

248 2317 514 2410 jumentorum,
538 2307 611 2380 hoc
630 2305 812 2397 referunt,
836 2307 996 2400 eoquod
1015 2306 1126 2383 instar
1147 2293 1268 2403 porcelli

244 2410 437 2518 grunniat,
469 2407 503 2479 dr
523 2406 657 2478 collum
677 2401 828 2498 superne
847 2405 977 2480 tesium
993 2403 1133 2480 sitietis
1151 2399 1265 2498 rigillo

247 2510 369 2595 ribus,
406 2504 501 2577 unde
529 2501 567 2575 id
593 2503 735 2578 Parrum
758 2510 974 2594 maritimum,
1006 2501 1096 2578 falso
1126 2501 1263 2582 nominer

248 2604 485 2702 appellarunt.
1266 2609 1267 2622 ¹

341 2721 465 2800 Porro
485 2721 528 2796 ad
558 2743 671 2820 genus
700 2721 876 2798 Marinum
900 2720 1049 2818 speltae,
1085 2722 1266 2822 neutiquam

247 2845 338 2900 vero
370 2822 415 2895 ad
445 2822 672 2914 leporinum,
712 2819 773 2895 sub
808 2843 881 2915 quo
913 2823 1071 2895 militant
1104 2813 1266 2898 Cuniculi,

247 2919 411 3016 quamuis
442 2919 476 2992 id
502 2919 643 3014 opinati
670 2919 738 2994 smt
753 2919 1004 3014 Marcgravius
1028 2917 1171 2996 &Piso
1217 2909 1266 2983 cn

245 3021 388 3096 niculus
414 3017 511 3094 enirn
537 3013 619 3090 satis
642 3017 830 3090 evidenter
858 3016 1041 3091 diuinitus
1069 3016 1122 3091 est
1143 3015 1184 3090 ab
1203 2998 1265 3082 adfi·

246 3117 354 3197 uibus
376 3136 444 3208 e0,
472 3114 568 3208 quod
587 3114 713 3188 dentes
732 3113 810 3188 bini
832 3113 1008 3209 primores
1027 3115 1179 3190 maxille
1193 3107 1265 3210 supe:

124 3208 132 3226 ⁸
244 3213 354 3289 rioris
379 3212 549 3307 duplicati
576 3212 666 3302 fint,
701 3213 796 3301 save,
832 3213 973 3304 quoda
1002 3227 1105 3308 parte
1127 3205 1265 3286 interiori

245 3309 498 3389 succenturiati
527 3309 595 3383 fint
619 3310 745 3410 dentes
769 3310 842 3382 duo
865 3310 1048 3400 minores3
1073 3308 1169 3405 quod
1194 3301 1264 3375 iden

244 3409 280 3484 u
300 3411 339 3484 in
356 3408 523 3501 Lepore,
555 3405 643 3481 &in
663 3405 843 3480 Cuniculo
861 3407 1017 3483 obtinet.

341 3521 490 3630 Quodsi
509 3520 723 3596 charauera
740 3521 908 3596 dentibus
925 3525 1121 3598 molaribus
1136 3515 1264 3606 desuper

243 3631 366 3712 retur,
390 3619 508 3694 fateor
527 3621 595 3694 hos
616 3620 781 3712 proxime
807 3620 850 3690 ad
868 3619 1026 3696 Castoris
1044 3621 1167 3696 dentes
1185 3623 1263 3686 acet·

243 3717 343 3807 dere,
370 3739 453 3792 cum
470 3719 626 3790 molares
641 3716 676 3790 hi
691 3715 779 3792 serie
798 3716 932 3812 duplici
952 3720 1087 3794 sintita
1105 3709 1216 3796 locati,
1234 3713 1263 3774 11¹

244 3817 338 3912 quali
356 3815 394 3890 in
411 3815 554 3888 maxilla
573 3813 716 3908 quidem
732 3814 907 3909 superiori
925 3817 1128 3906 divaricari,
1146 3813 1179 3885 in
1194 3797 1263 3878 inse

242 3912 334 3990 riori
350 3925 588 4008 convergent.
639 3911 708 3987 Sed
720 3913 848 3991 dentes
858 3913 1033 4012 primores
1042 3907 1262 4064 Castorisctg

1179 4017 1229 4097 apt
