2678 4756
228 261 478 344 SPECIFICA
505 263 898 342 CANADENSIUM.
1007 285 1087 362 ω

18 453 116 528 lum
143 451 320 528 secretum
346 452 500 537 allectis,
532 447 832 542 condocesaslus)
849 451 989 531 aanor
1020 455 1085 552 est,

18 553 195 624 ‘adicem
221 551 326 644 hujus
351 551 469 624 herbae
493 553 607 622 multo
632 549 823 643 perseniae
843 551 1086 630 commodius·

18 671 97 742 aue
135 649 275 722 mederi
304 647 535 742 Sypbilitidi‚
569 669 672 739 quam
703 651 761 720 vel
790 649 861 722 ulla
889 665 1086 746 preparata

17 745 273 820 mercurialia.
322 747 565 852 Quamobrem
580 746 688 838 etjam
707 745 862 838 lndiani,
887 747 923 822 in
938 749 1085 822 univer·

17 845 101 918 ”urn
122 867 255 918 ornnes
271 843 510 933 Cenabenses,
538 843 604 916 bac
622 841 693 935 ipsa
709 841 828 916 radice
844 858 995 918 utuntur
1007 865 1084 922 non
1173 917 1177 927 ,

17 943 147 1016 blum
165 962 233 1034 pro
252 940 287 1015 se
305 941 407 1035 ipsrs,
434 939 616 1014 sedetiam
641 961 709 1034 pro
735 939 869 1031 Gallim
902 943 996 1016 inter
1019 963 1086 1016 eoa

17 1037 301 1127 nercantibus,
339 1054 654 1132 quantumcunque
684 1037 825 1110 demum
857 1039 915 1112 lue
948 1039 1087 1114 suerint

16 1135 174 1212 infesti.
224 1135 421 1229 Recipiunt
433 1134 563 1210 radicis
580 1135 659 1229 Mp.
679 1133 710 1222 l,
735 1148 899 1227 coquunt
921 1136 958 1211 in
985 1155 1092 1230 aqun

16 1235 135 1326 biiij,
159 1233 571 1327 decosiumquebibunt,
595 1231 805 1327 incipiendo
821 1233 938 1322 aMss,
959 1235 1086 1330 fruger

16 1331 216 1406 tenuioris
242 1329 353 1405 fuerit
381 1329 676 1418 constitutionie3
707 1329 793 1404 hine
826 1329 924 1403 lofin
953 1343 1086 1426 augent

15 1427 227 1520 quotidie,
253 1427 361 1524 usque
384 1445 458 1521 quo
477 1441 631 1522 egrotus
653 1428 727 1500 vim
745 1425 884 1508 decosii
905 1428 1086 1504 laxantem

15 1527 129 1600 serre
146 1525 305 1619 poterin
328 1525 423 1618 sique
439 1523 624 1614 acciderit,
647 1538 689 1596 ut
704 1524 909 1619 purgationi
929 1523 1085 1600 srrccunr·

15 1623 116 1709 bat,
145 1623 190 1696 ab
210 1621 273 1696 usu
287 1621 426 1697 decocti
450 1621 616 1696 desistunt
640 1641 836 1716 perunum
858 1622 918 1694 vel
934 1623 1086 1700 alterum

15 1719 156 1806 diem,
181 1733 256 1794 turn
274 1719 518 1814 redintegrant
535 1719 747 1812 potionem,
774 1739 842 1812 pro
862 1741 902 1792 re
917 1731 1024 1812 nata,
1050 1717 1086 1795 be

15 1831 149 1912 prout
165 1829 303 1910 tempus
324 1817 359 1892 id
381 1814 610 1910 poposcerit,
633 1815 751 1890 donec
765 1833 918 1914 egrotus
940 1815 1086 1892 tandem

18 1913 319 1989 reconvaluerit.
382 1915 475 2017 Quae
499 1913 583 1988 dum
611 1927 785 2010 aguntur,
820 1912 896 2007 ipso
930 1913 1083 1988 decollo

22 2012 164 2084 lavant
188 2011 330 2100 ulcera,
367 2012 392 2086 si
417 2031 486 2104 quc
510 2010 664 2084 suerint·
690 2008 771 2102 sed,
804 2009 1085 2106 srprosuoda&

21 2107 180 2202 putrida
199 2107 535 2201 deprehenduntur,
564 2061 804 2204 conspergunt
819 2109 941 2180 eadem
957 2110 1083 2200 pulve-

21 2227 66 2279 re
87 2203 277 2279 interioris
291 2205 440 2280 corticis
459 2209 605 2280 Ceanotbi
619 2211 791 2280 amaricant·
807 2196 1083 2374 {iimcc-trec)

23 2323 107 2395 quo
135 2301 243 2376 citior
266 2303 509 2391 exficeentur3
531 2315 589 2389 ut,
616 2301 789 2375 limalutn
824 2301 918 2375 uerit
941 2301 1082 2374 invete-

21 2413 173 2488 ratum,
196 2399 336 2476 sumunt
351 2399 537 2475 decoslurn
561 2401 746 2474 Raruncali
768 2402 917 2474 abortiri.
969 2399 1083 2472 Vete-

22 2517 143 2570 ranus
175 2497 318 2590 quidam
350 2501 479 2576 Sceleri
506 2496 698 2572 certiorem
726 2495 816 2570 fecit
842 2495 1083 2572 Chiliarcham

24 2593 198 2690 Johnson
230 2597 339 2688 etjam
365 2595 409 2671 de
436 2595 508 2670 alio
534 2593 688 2688 quodam
712 2593 928 2690 vegetabili,
961 2593 1083 2670 radice

24 2691 158 2780 rubra,
188 2695 294 2766 ramis
313 2694 422 2766 variis
442 2691 625 2781 tenuibus,
653 2689 736 2766 olio
753 2691 920 2788 pollices,
944 2690 968 2766 s.
990 2689 1083 2768 duos

24 2787 146 2882 pedes
167 2789 308 2884 longis;
331 2790 425 2885 spica
449 2789 576 2863 florum
595 2788 780 2875 alborum,
808 2787 846 2861 in
869 2787 1009 2882 siliquas
1033 2787 1083 2863 se·

27 2885 172 2960 minum
191 2885 330 2982 nigras,
358 2887 543 2980 quadratas
566 2885 652 2960 ubit.
703 2885 820 2979 Hujus
838 2883 928 2958 solia
945 2881 1082 2960 nostra·

27 2982 127 3058 tiurn
159 2983 347 3075 nonnulli,
386 2983 504 3080 inquit
534 2985 683 3072 sochen,
723 2983 760 3057 in
792 2981 909 3056 infuso
932 2981 1082 3084 bibunt,

26 3080 204 3154 nonnulli
230 3096 347 3156 autern
366 3084 496 3155 tabaco
512 3081 623 3164 mixta
647 3081 806 3169 sumant3
830 3079 1006 3178 hujusque
1027 3107 1082 3160 ra·

29 3175 128 3250 dicia
144 3177 330 3253 deeoblum
345 3181 485 3257 Loleliae
501 3179 792 3274 anteponendum
811 3179 878 3254 elle
891 3183 1083 3258 contendit

25 3273 130 3346 idam
147 3275 218 3348 ille.
266 3273 415 3352 Interim
436 3292 553 3352 tamen
575 3289 712 3352 certum
732 3275 807 3369 est,
833 3278 996 3352 Libellum
1015 3301 1082 3376 po-

25 3369 199 3447 tillimun
225 3373 467 3468 frequentari,
499 3394 647 3468 eamque
674 3397 786 3469 porro
813 3375 863 3448 ita
887 3373 987 3450 felici
1007 3377 1082 3454 suo·
1152 3373 1158 3392 '

24 3465 129 3544 cell'u
145 3468 209 3545 suo
226 3472 414 3568 probatam
431 3471 522 3567 else,
549 3493 652 3568 quan
669 3495 747 3568 que
763 3472 929 3547 maxime.

129 3667 283 3760 Sequitur
297 3665 474 3764 specialius
498 3669 649 3764 quoddam
672 3673 830 3764 reginen,
853 3667 1080 3760 olseronrdan

28 3763 224 3858 circousum
234 3763 393 3854 Lobeliae,
418 3773 453 3840 in
472 3767 682 3864 Sypbiliride,
714 3769 900 3842 chiliarcho
916 3765 1078 3863 Johnson

24 3863 66 3933 ab
82 3862 179 3938 Indis
196 3867 466 3940 rumusculum.

526 4053 647 4145 Kk4
982 4063 1081 4152 ,ao
