2678 4756
134 179 141 216 Ι

389 257 667 358 ,acernam
982 277 1053 354 sao

22 447 74 542 piae
92 470 206 525 cornu
225 445 389 524 remittit
439 446 496 522 Ex
513 444 693 540 frequenti
716 443 877 520 carnium
893 439 965 536 esu,
990 443 1056 518 Al·

22 547 73 618 rali
100 551 135 622 in
162 547 334 642 sanguine
367 561 558 641 generatur
592 543 850 636 spontaneum,
885 563 927 616 ac
954 543 1057 632 juxta

22 643 97 732 loe,
125 659 249 719 motus
281 643 495 741 sacorporis
524 642 744 738 negligatur,
776 639 932 734 pedioris
957 640 1056 723 labet

25 741 157 815 infausto
172 743 326 836 augurio
343 743 412 816 erit
425 739 670 834 exspetianda.
709 739 830 836 Quare
849 739 958 810 etiam
969 737 1056 828 Hip·
1137 815 1142 822 ,

22 856 143 932 parratas
162 841 316 934 lipidam.
337 835 416 920 Lil.
433 861 466 930 7.
491 837 674 930 pulmonis
694 835 904 909 observavit
919 834 1057 908 inflam-
1085 872 1088 878 ·

23 937 223 1026 mationem,
267 957 313 1012 ex
344 935 458 1008 nimio
487 935 647 1008 carnium
680 933 763 1023 esu,
798 953 866 1032 nec
898 930 1057 1022 aliunde,

23 1035 267 1130 ortamquod
291 1035 398 1107 etiam
428 1037 570 1128 Spanius
595 1027 718 1126 postea
740 1029 990 1116 confirmavit,
1013 1027 1058 1102 de

22 1128 186 1206 hodiernis
210 1131 422 1206 Parisrorum
447 1128 602 1204 incolis:
638 1127 829 1204 confirmat
849 1127 959 1210 etiam
971 1128 1056 1200 Ruri·

23 1229 111 1312 linus,
135 1228 289 1323 Tulses,
314 1251 334 1302 a
354 1228 469 1302 nimio
484 1225 527 1298 dt
543 1224 719 1320 pertinaci
746 1227 869 1302 harum
893 1225 974 1314 eiu,
1000 1245 1058 1300 or·
1100 1219 1113 1238 ⁸

25 1337 69 1393 tas
88 1323 179 1398 soille
213 1347 364 1422 graves:
402 1339 445 1398 ut
467 1337 627 1410 taceam,
661 1325 828 1398 morbum
852 1321 1058 1422 Anglorum

26 1417 220 1498 Endemium
266 1445 354 1498 vere
400 1421 468 1496 ell'e
509 1420 687 1512 Phthisrn,
732 1441 835 1512 qttam
880 1421 1059 1515 superfluo

27 1519 164 1594 carnium
182 1519 280 1608 elui,
306 1518 425 1614 quoad
450 1517 626 1614 originem
652 1515 945 1612 &progressum
971 1539 1060 1610 prn-

28 1613 114 1706 cipue
138 1617 382 1711 imputandam
403 1615 495 1706 elie,
517 1613 621 1690 multi
648 1615 753 1709 hujus
780 1617 955 1708 temporis
979 1616 1060 1690 Me·

29 1707 85 1782 dici
108 1711 215 1788 firmis
240 1716 525 1808 comprobarunt
550 1713 778 1808 argumentis.
830 1713 927 1788 Huic
949 1715 1060 1790 etiam

29 1805 190 1884 sermotiae
214 1815 337 1886 lucem
357 1810 463 1885 affert
486 1809 658 1886 notabilis
678 1812 738 1884 illa
759 1811 988 1900 observatio,
1016 1811 1061 1887 de

30 1903 146 1998 ligyrta
162 1906 320 2002 quodam
340 1907 503 2006 Angue,
532 1907 593 1998 qui
614 1908 705 1982 nihil
731 1908 828 1982 aliud
854 1909 1062 2004 proscripsit

32 2005 172 2096 egrotis,
200 2021 331 2096 praeter
357 2004 474 2080 earnis
500 2001 618 2097 esum,
651 2005 767 2098 iisque
798 2007 967 2080 omnibus
994 2011 1060 2086 hac

31 2099 148 2176 ratione
173 2103 361 2180 nemean
392 2100 545 2176 induxit.
596 2101 654 2174 Ae
678 2101 835 2194 antiquis
857 2123 949 2177 vero
973 2119 1061 2184 tem·

32 2197 180 2292 poribus,
221 2199 380 2274 Medicis
404 2221 485 2280 non
511 2197 624 2272 solum
648 2198 752 2294 ipsrs,
785 2221 910 2272 verum
934 2201 966 2273 dt
987 2205 1061 2297 ple·

32 2289 126 2384 bejis,
152 2296 293 2392 optime
318 2295 512 2386 innotuit,
538 2297 574 2372 in
600 2295 787 2390 principio.
811 2294 969 2372 Heoicae
986 2319 1063 2374 cat·

34 2389 114 2468 nium
133 2395 227 2470 esum
256 2384 493 2488 prorsuselie
518 2393 834 2488 proscribendum,
860 2411 1062 2488 agrumque

35 2485 164 2572 auritus
182 2507 325 2568 tantum
343 2489 528 2566 alendum.¹
568 2491 652 2565 Nec
665 2511 821 2584 unquam
840 2491 891 2564 illi
910 2491 1063 2568 Medico

34 2586 128 2690 praxis
141 2611 189 2664 ex
206 2606 303 2662 voto
324 2584 512 2680 succedet,
536 2591 596 2662 cui
619 2610 695 2663 non
724 2610 818 2660 curae
839 2589 900 2677 srt,
928 2605 970 2676 ut
991 2591 1064 2668 He·

35 2675 313 2762 dacal'ulmonali
331 2688 499 2783 laborans
516 2685 684 2762 carnibus
705 2683 911 2762 abstineat..
941 2687 981 2760 ld
1002 2711 1064 2762 ve·

34 2793 67 2844 ro
85 2775 393 2864 observationibus
413 2781 622 2875 stabilitum,
637 2784 691 2856 .in
711 2781 1063 2876 Septentrionalibus

35 2865 237 2970 legionibus
261 2882 295 2955 dt
317 2881 473 2973 hyemali
500 2891 687 2974 tempore,
720 2877 911 2970 presertim
937 2882 962 2956 st
985 2903 1062 2956 mo-

37 2977 79 3040 tus
100 2975 261 3074 corporis
287 2975 514 3068 frequentior
538 2978 763 3064 celebretur,
790 2977 908 3050 minus
929 2997 1062 3072 corpo·-

34 3063 58 3130 ri
74 3067 248 3150 imminere
272 3073 448 3170 periculi,
472 3073 684 3160 licamibus
707 3073 896 3170 vescantur
917 3075 1062 3168 incole,
1188 3090 1192 3102 ‘
1316 3055 1317 3076 ³

36 3179 117 3248 luam
136 3170 170 3244 in
187 3165 415 3249 Australibus
437 3171 471 3249 tr
491 3169 613 3246 estiva
637 3185 764 3260 etate,
793 3191 947 3266 cumque
965 3174 1064 3266 quia·

35 3266 228 3375 tuniuerit
257 3291 413 3364 corpust„
447 3253 546 3342 Hilc
576 3267 793 3363 Lappones‚
829 3271 958 3362 quibus
988 3289 1063 3346 car·

34 3371 84 3428 nes
108 3385 140 3435 m
172 3365 312 3440 deliciis
342 3364 442 3452 sunt,
479 3363 627 3440 Hedica
655 3367 853 3459 pulmonali
881 3365 1061 3458 rarione,

35 3447 124 3567 Angli
150 3485 242 3536 vero
269 3461 566 3556 frequentiffime,
597 3463 812 3536 moriuntur.
865 3462 999 3538 Carnes
1025 3487 1065 3539 u·

35 3543 203 3659 betramum
229 3561 377 3653 corpori
408 3561 571 3654 prebent
592 3559 871 3647 nutrimentum
907 3563 1064 3659 Vegeta·

35 3639 104 3718 btlra
123 3675 194 3730 non
210 3661 315 3742 item;
347 3671 388 3730 ut
408 3677 498 3730 vero
514 3655 643 3730 sanitas
659 3658 825 3748 corporis
841 3657 984 3756 vigeat,
1010 3662 1064 3753 Ju-

36 3735 74 3810 sta
93 3750 154 3822 erit
173 3755 367 3848 proportio
391 3753 526 3847 ingesta
550 3753 645 3828 inter
672 3754 705 3826 o
729 3754 858 3847 egesta.
908 3757 944 3830 si
967 3758 1064 3831 enim

37 3851 124 3922 Parce
145 3851 249 3924 nimis
270 3851 483 3926 nutritionis
510 3849 695 3944 perficitur
726 3873 838 3947 opus,
869 3854 1064 3928 extabescit

35 3947 143 4028 corpus
168 3948 336 4040 viresque
355 3948 608 4043 languescunt,
644 3947 678 4020 dt
704 3948 978 4042 immedicabilis
1005 3950 1062 4024 sae·

1013 4069 1059 4142 pe
