2678 4756
273 233 344 310 544
587 201 589 208 ’
658 201 934 292 acrarum.

273 423 333 478 um
349 417 476 475 recens
497 411 573 472 non
593 391 726 488 semper
746 395 788 472 ad
808 415 932 472 manus
949 396 1016 488 est,
1042 395 1220 492 Acerram,
1243 401 1309 476 sn.

272 501 383 590 charo
407 510 546 570 tantum
573 493 789 585 admixtum,
820 498 924 570 dulce
945 497 1220 590 quodammodo
1240 501 1315 575 saci·

271 611 360 677 unt:
392 615 437 666 ex
464 593 584 664 baccis
611 595 741 683 etiam,
773 615 875 684 quam
902 595 1057 668 maxime
1083 597 1225 688 acidis,
1255 623 1320 694 upa

271 692 449 783 sacchari,
475 689 652 786 gratissimi
668 687 761 766 fiunt
774 690 907 785 Syrupi
926 691 961 769 u
978 689 1090 772 Rubi.

371 877 555 961 OLEUM
576 907 621 958 ex
647 883 784 978 Drupis
804 885 1168 982 Oleae'exprimitur,
1196 913 1268 984 que
1281 891 1318 964 in

272 990 317 1062 iis
331 985 470 1062 habitat
486 983 708 1077 regionibus,
733 985 794 1055 ubi
809 1006 875 1058 nec
889 986 1013 1082 frigus,
1037 1009 1108 1058 nec
1125 987 1248 1076 aestus,
1267 985 1313 1062 sed

271 1086 398 1161 mitior
428 1078 503 1153 caeli
536 1082 747 1187 temperies,
782 1097 929 1177 regnam
965 1083 1061 1176 quud
1090 1085 1204 1159 clima
1237 1089 1314 1160 Oica

272 1182 442 1268 habebit,
473 1175 673 1254 ficrescere
697 1179 846 1271 poterit.¹
895 1177 1176 1272 Estque'rieurn,
1208 1185 1315 1278 liquor

273 1280 426 1370 fluidus,
452 1277 615 1371 pinguis,
640 1275 1047 1370 inflammabilis,·aquae
1064 1280 1258 1368 innatans,
1282 1285 1321 1354 ia

273 1393 408 1464 tamen,
434 1391 591 1466 utaque
610 1371 722 1467 perse
739 1395 813 1448 non
835 1375 1043 1462 misceatum
1071 1379 1180 1468 cujus
1197 1379 1323 1466 viram,

271 1474 380 1553 fibras
402 1471 630 1560 emolliendi,
657 1471 777 1544 alvum
795 1472 968 1546 lubricam
989 1471 1190 1562 reddendi,
1221 1501 1321 1572 expe

273 1572 512 1648 siorationem
532 1569 789 1662 promovendi,
817 1573 983 1664 acriaque
1003 1571 1244 1664 involvendi,
1271 1597 1322 1648 ex·

274 1673 359 1746 imia
375 1669 456 1742 sane
472 1666 543 1741 est:
570 1680 610 1742 ut
624 1687 714 1739 vero
730 1667 850 1742 oleum
864 1691 930 1764 per
946 1668 979 1743 se
993 1683 1099 1742 aceto
1111 1692 1195 1746 non
1208 1673 1323 1746 misce

272 1785 353 1858 tur,
382 1767 485 1853 salia,
511 1765 650 1858 aliaque
676 1765 1079 1858 corpora,1adduntur;
1112 1769 1253 1844 etenim
1270 1769 1323 1840 vel

272 1886 424 1954 manna,
453 1861 678 1950 saccharum,
710 1863 771 1935 vel
794 1863 941 1938 vitellus
966 1864 1053 1954 ovi,
1080 1866 1154 1940 dre.
1183 1868 1320 1940 mixtio

273 1985 356 2039 nem
377 1960 582 2034 oleosorum
599 1981 680 2034 cum
703 1960 841 2052 aquosis
866 1961 963 2038 simui
988 1961 1192 2054 adjuvant;
1223 1985 1319 2058 auare

274 2060 518 2134 recentiorum
535 2057 728 2131 custricum
748 2059 936 2134 inventum
959 2057 1023 2145 est,
1048 2082 1095 2132 ex
1115 2083 1223 2152 ovo,
1248 2063 1319 2158 igue

149 2151 156 2164 '
274 2159 465 2232 admodum
486 2158 674 2242 indurato,
691 2154 857 2229 vitellum
876 2158 1053 2243 eximere,
1082 2179 1198 2250 quem
1215 2159 1253 2234 in
1270 2181 1317 2252 pa·

273 2257 350 2330 tina
361 2254 606 2348 conquassant,
631 2249 824 2325 &subinde
838 2272 979 2330 acetum
993 2255 1237 2330 infundentes
1250 2279 1319 2330 cum

273 2355 436 2448 pauxillo
450 2349 538 2439 sale,
562 2353 655 2424 bene
668 2351 746 2423 baec
763 2351 796 2422 dc
811 2351 934 2444 sapius
951 2354 1112 2446 agitant,
1146 2369 1194 2430 ut
1211 2357 1320 2428 oleum

271 2449 402 2540 spisbus
426 2451 578 2536 evadat,
611 2445 709 2538 quud
733 2448 887 2542 denique
916 2448 1016 2524 foliis
1040 2449 1317 2543 superfunditur.

271 2545 446 2622 Praeterea
462 2545 642 2618 nutriendi
661 2545 778 2636 pollet
794 2549 915 2620 oleum
930 2548 981 2632 vi,
1010 2547 1093 2622 dum
1115 2554 1238 2643 probe
1252 2573 1271 2624 a
1284 2551 1319 2622 ii·

274 2643 448 2735 quoribus
473 2641 639 2736 corporis
662 2639 809 2716 humani
833 2644 943 2718 suerit
961 2643 1141 2738 solutum,
1175 2671 1214 2722 v.
1230 2671 1262 2746 g.
1276 2647 1318 2719 A·

272 2739 467 2835 mygdarae,
507 2755 677 2832 quantum
700 2741 842 2832 quidem
871 2742 915 2815 ad
940 2743 1086 2834 oleum,
1118 2747 1226 2837 quod
1250 2745 1318 2820 satis

273 2855 401 2936 notum
430 2837 501 2926 est,
526 2837 664 2930 optime
690 2839 877 2928 nutriunt;
906 2838 961 2927 dr,
983 2841 1009 2914 fi
1032 2863 1114 2916 cum
1143 2865 1241 2936 aqua
1268 2843 1316 2914 din

274 2951 436 3008 terantur
457 2935 672 3030 amygdalae,
693 2936 838 3009 emulso
856 2935 917 3025 fir,
943 2960 1021 3030 quae
1038 2939 1156 3032 chylo
1178 2940 1231 3016 sat
1244 2963 1315 3014 cor-

273 3053 425 3126 gruens‚
456 3034 572 3106 statim
592 3031 670 3106 vasa
685 3033 796 3106 lanea
816 3034 946 3120 intrat,
978 3035 1226 3112 &immutata
1240 3041 1312 3124 serr,

273 3130 446 3201 sincerum
470 3131 503 3202 dc
526 3130 703 3224 integrum
727 3130 788 3202 dat
808 3130 1034 3230 sanguinem:
1057 3134 1083 3206 sr
1104 3151 1233 3212 autem
1252 3157 1314 3231 pre·

274 3227 311 3298 lo
331 3225 581 3300 submittantur
601 3230 676 3300 haec
703 3226 854 3316 semina,
879 3233 999 3303 oleum
1024 3231 1201 3322 exsudat,
1232 3227 1313 3327 quod

272 3323 433 3398 omnium
453 3325 591 3419 optime
606 3323 780 3398 monstrat
796 3328 1028 3418 anubionem
1042 3351 1088 3402 ex
1105 3333 1216 3418 oleo,
1240 3349 1314 3424 auu

272 3422 399 3496 intime
422 3426 538 3496 mixto
558 3422 592 3494 dc
612 3423 750 3508 soluto,
775 3424 946 3524 existeret
972 3448 1108 3522 porro,
1139 3429 1170 3502 fi
1193 3429 1312 3506 muris·

273 3541 380 3593 onem
397 3519 612 3612 aliquamdiu
628 3521 665 3592 in
687 3522 773 3594 loco
793 3523 918 3614 quieto
937 3523 1227 3614 coustituamus‚
1250 3545 1311 3598 cre

269 3637 408 3692 morem
434 3617 571 3703 induit,
598 3617 658 3708 qui
687 3617 729 3689 ad
755 3619 876 3709 butyri
898 3621 1171 3696 fimiiitudinem
1199 3625 1308 3696 crebra

271 3716 469 3808 agitatione
493 3715 634 3799 transrt3
662 3715 734 3786 hoc
752 3739 865 3802 vero,
894 3719 1016 3792 oleum
1038 3720 1199 3794 animale
1213 3723 1256 3794 de
1271 3721 1309 3790 ia·

270 3805 345 3900 die,
373 3812 487 3909 (justo
508 3805 708 3901 dicantun)
738 3811 1082 3892 &bibulo‘mixtum
1102 3839 1223 3910 pane,
1247 3817 1307 3892 saii·

269 3933 353 3987 uam
373 3909 552 4002 absorbet,
575 3903 671 3984 unde
691 3909 940 3990 masticatione
958 3913 1020 3990 diu
1035 3913 1196 4010 parada,
1223 3913 1307 3990 iadis

1165 4014 1305 4110 speciem
