2556 4742
210 326 215 334 ·
264 291 336 368 166
522 285 721 366 CERVUS
743 285 1050 378 trARANDUS.

251 476 373 574 jiuka,
403 474 579 572 Miirsot,
605 473 655 549 est
678 475 771 549 inter
787 474 953 568 pestifera
970 475 1004 550 &
1022 475 1177 550 maxime
1192 493 1270 570 pem

262 574 360 648 ciosa
376 575 481 664 maia,
508 574 636 666 quibus
651 593 728 647 non
746 574 864 646 astate
879 575 1012 664 modo,
1036 593 1164 647 verum
1178 573 1209 645 br
1221 571 1270 664 hp

260 683 490 783 movexator
515 670 753 782 Rhenopqui
776 672 923 782 morbus
949 671 1125 766 augeri&
1142 669 1270 762 multip]

260 789 336 939 {tf
349 769 1002 958 521²ttvtttstttttittt·
1017 768 1270 958 pristis&

259 975 321 1036 tus
340 963 410 1035 fuit
432 964 602 1052 morbus,
634 984 731 1036 nunc
749 960 1176 1058 maxime-contagiosus,
1202 983 1257 1054 per

261 1081 379 1133 annos
403 1060 570 1151 spoliavit
593 1059 818 1152 Lapponiam
843 1059 1089 1149 Torrentem,
1125 1059 1162 1132 u
1186 1073 1270 1130 omna

260 1154 339 1231 fere
362 1157 559 1234 Rhenoner
575 1156 770 1251 sylvaticos
796 1156 942 1230 occidit.
1001 1157 1055 1230 Ut
1070 1153 1270 1250 primumho}

260 1255 359 1328 malo
385 1255 582 1350 corripitur
601 1254 754 1341 animai,
787 1253 918 1347 incipit
936 1267 1065 1347 prater
1083 1245 1270 1330 consuetudi

260 1373 345 1426 nem
357 1353 501 1448 gravius
516 1351 699 1445 respirare.
738 1351 856 1424 Nares
871 1353 965 1443 quast
980 1350 1176 1425 dilatantur
1189 1348 1220 1421 br
1231 1357 1270 1422 mr

154 1520 157 1529 .
258 1449 359 1544 jor'es
377 1449 547 1552 eradunt.
598 1449 738 1522 Oculos
753 1449 967 1523 extendit&
988 1471 1055 1544 per
1077 1449 1215 1542 aliquot
1228 1461 1270 1520 rut

121 1593 128 1606 ·
157 1614 162 1625 .
259 1556 382 1620 menta
407 1545 581 1639 expansos
603 1547 715 1620 t'cnet.
764 1545 885 1634 Tanta
903 1557 978 1620 tum
1000 1545 1064 1618 est*
1074 1543 1229 1630 ferocia,
1255 1553 1270 1612 r

261 1664 389 1718 omnes
404 1664 519 1718 cornu
533 1641 678 1734 petat&
694 1643 907 1736 prostemat.
931 1699 933 1704 ,
952 1641 1125 1716 Comedit
1138 1653 1270 1718 tament

258 1741 385 1830 sanus,
412 1752 450 1812 at
465 1762 542 1814 non
561 1739 727 1812 ruminat.
773 1738 971 1814 Decumbit
986 1739 1112 1836 saepius
1130 1753 1270 1833 quanter

259 1838 343 1914 teri.
395 1838 532 1910 Omnes
549 1837 621 1911 hoc
640 1835 761 1910 infesti
780 1838 910 1911 morbo
926 1851 1093 1930 pereunt,
1116 1856 1184 1911 nec
1196 1829 1270 1906 oliui

259 1936 338 2028 ejus
354 1934 531 2009 decenum
549 1934 598 2007 est
617 1934 835 2022 remedium3
860 1948 1082 2028 quapropter
1094 1933 1270 2010 srmuiacra

258 2032 446 2106 minimum
470 2031 629 2126 eiusdem
653 2032 770 2105 morbi
794 2031 927 2128 signum
949 2029 1195 2104 observaverit
1211 2025 1270 2118 Lap

286 2151 325 2219 0,
350 2130 481 2203 animal
499 2127 639 2216 maibat,
664 2129 689 2203 sr
708 2130 861 2223 aliquem
880 2151 900 2201 e
916 2129 1069 2222 pellibus
1091 2129 1186 2201 usum
1199 2123 1270 2196 habt

257 2151 328 2317 git,
353 2229 480 2321 quain
495 2229 562 2301 hac
578 2227 772 2300 consumtis
789 2229 886 2317 tabe,
910 2227 1040 2300 charta
1059 2225 1168 2300 instar
1183 2219 1270 2298 tenua

260 2324 430 2401 evadunt.
481 2325 517 2398 Si
539 2325 744 2417 aperiantur
762 2325 833 2420 hoc
850 2327 980 2396 morbo
1008 2322 1187 2406 consesti,
1210 2309 1270 2408 rpus

258 2422 383 2494 varios
400 2421 548 2495 materia
566 2421 723 2514 quadam
740 2420 896 2512 spumosa
910 2423 1087 2514 reperitur
1102 2423 1140 2496 in
1149 2415 1270 2491 terebro

260 2517 406 2592 &circa
425 2520 639 2608 Pulmones,
670 2519 707 2593 in
726 2519 893 2592 omnibus
916 2539 1006 2591 vero
1031 2521 1153 2592 omnia
1174 2511 1270 2588 visent

257 2611 340 2688 sunt
362 2615 441 2688 laxa
465 2611 688 2706 anacetus,
726 2639 798 2708 prae
823 2617 953 2698 ceteris
975 2637 1065 2688 vero
1088 2616 1179 2688 Lien
1201 2609 1270 2700 quam

196 2717 199 2726 '
258 2711 414 2786 maxime
432 2711 591 2789 cernitur
608 2714 807 2800 laceratus,
830 2735 962 2807 parvus
982 2713 1017 2785 δι
1031 2725 1225 2786 enervatus.

343 2823 411 2896 His
429 2825 466 2898 in
483 2823 619 2900 morbis
639 2823 781 2899 dorsum
798 2823 985 2899 Rhenanis
1005 2823 1140 2916 liquida
1158 2810 1270 2918 piceio

259 2940 394 3018 ungere
415 2920 504 2996 solet
524 2922 673 3015 Lappo,
707 2945 776 3016 qua
801 2922 888 2995 licet
904 2943 980 2994 non
1006 2923 1231 3018 profligentur
1249 2927 1270 2994 ⁰r

259 3020 489 3110 matamala,
521 3018 765 3114 impediuntur
780 3033 899 3092 tamen
917 3017 1032 3112 ostri,
1057 3041 1106 3094 ne
1123 2997 1270 3110 deposui

262 3137 359 3211 ova,
382 3132 502 3194 cutem
519 3116 682 3193 animalis
698 3116 932 3213 perforantia.
1269 3175 1270 3218 p

512 3399 1050 3500 uonnuctirunn.
1269 3499 1270 3510 Ν

347 3545 509 3632 Nomina,
541 3567 618 3638 quae
642 3545 844 3640 Rangiferis
874 3545 1068 3637 imponunt
1093 3543 1270 3636 [apponeir

260 3641 390 3738 partim
407 3641 671 3736 proprisium,
698 3644 826 3736 partim
846 3655 1002 3718 aetatum.
1269 3673 1270 3678 ¹

342 3756 506 3831 Nomina
525 3757 714 3831 secundum
734 3779 848 3830 annos
866 3771 1009 3830 aetatum
1026 3754 1101 3829 hac
1120 3749 1251 3826 habent:

260 3869 373 3948 Anno
402 3861 444 3959 1)
473 3871 568 3968 Meffi
588 3872 775 3963 utriusque
793 3869 904 3944 sexus.

404 3961 447 4060 a)
475 3969 587 4068 Orrya
607 3989 701 4062 mas,
733 3969 881 4043 issimis!
897 3967 1042 4042 semina.
1180 4045 1266 4122 Ann⁰
