2606 4748
314 213 787 332 mmmm

492 421 619 498 tren.
737 399 743 412 ’

160 467 826 776 contorta
890 585 942 762 l.

37 825 1089 1020 PLANTARUM

367 1119 743 1202 PRAESIDE

141 1257 232 1394 D.
303 1255 387 1390 D.
458 1251 617 1386 Can.
676 1250 961 1384 Lmnno

459 1475 647 1574 proposita

546 1629 571 1674 Α

244 1749 466 1832 ABRAH.
494 1747 545 1826 D.
572 1748 874 1848 JUSLENIO

458 1855 652 1922 W·Gotho.
971 1905 976 1915 .

100 2015 339 2114 Upsaiie
405 2033 558 2110 1755.
642 2013 899 2092 Februar.
945 2035 1017 2114 19.

48 2185 250 2214 ῌ

491 2313 529 2405 a.
589 2307 621 2386 1.

44 2401 270 2694 Plantas,
305 2481 385 2558 quae
408 2458 505 2538 inter
531 2459 657 2537 omnia
681 2457 841 2538 humano
865 2459 993 2560 generi
1019 2481 1094 2536 tna·

147 2561 250 2636 xime
277 2560 522 2655 prosuerunt,
556 2581 633 2636 non
661 2557 699 2634 in
732 2559 804 2636 illis
838 2557 1094 2634 tantummodo

151 2660 285 2750 rebus,
334 2679 389 2732 uae
415 2655 459 2732 ad
484 2655 674 2732 vidium&
699 2655 865 2734 amisium
884 2657 1095 2754 pertinent,

42 2752 88 2829 sed
107 2756 162 2844 dt,
189 2779 268 2850 quae
287 2682 332 2832 ,3
348 2756 470 2830 sorum
489 2755 670 2830 medicum
690 2754 874 2850 spedant,
898 2753 1096 2830 familiares

43 2851 92 2926 irbi
114 2853 288 2941 reddere,
314 2851 553 2948 sapientiores
578 2851 789 2942 hominurn,
816 2875 837 2926 a
859 2853 987 2948 primis
1006 2872 1098 2947 quo·

44 2971 99 3042 que
114 2953 357 3048 temporibus,
378 2948 525 3026 solliciti
544 2950 705 3026 suerunt.
756 2949 933 3042 Medicis,
951 2971 1025 3045 prae
1038 2971 1098 3024 ce·

46 3051 132 3140 teris,
147 3051 343 3136 maximam
361 3063 461 3123 certe
479 3049 652 3124 debemus
669 3049 834 3146 gratiam,
857 3047 958 3144 quod
971 3047 1097 3146 cogni·

46 3145 169 3223 tionem
191 3149 394 3242 plantarum
415 3146 452 3222 in
472 3147 630 3222 sormam
645 3145 842 3242 disciplinae
868 3144 1100 3244 redegerint,

48 3245 265 3340 nostrumque
283 3244 355 3336 est,
382 3243 569 3320 scientiam
586 3245 682 3320 hanc
701 3245 814 3342 magis
832 3243 1017 3342 magisque
1034 3265 1099 3318 ex·

50 3343 166 3418 colere.
220 3345 409 3447 Quantum
427 3341 575 3418 luminis
593 3341 814 3418 nobiliffimae
836 3342 922 3418 huic
943 3342 1011 3417 arti
1032 3362 1100 3418 no·

40 3435 115 3516 ‚stria
132 3443 363 3538 temporibus
380 3439 544 3530 accesfit,
576 3441 746 3516 omnibus
765 3455 892 3518 notum
911 3438 977 3528 est,
1006 3437 1101 3514 adeo

57 3549 86 3607 tt
102 3543 231 3614 nullam
250 3541 410 3636 plantam
432 3553 602 3614 accurate
620 3535 832 3633 descriptam
859 3538 893 3612 dt
914 3538 1101 3634 cognitam
1239 3571 1246 3585 ·

61 3637 289 3802 :mosomum
324 3637 666 3808 prgusquamdillffatm
696 3635 741 3749 ad
769 3636 956 3808 Proprfiiom
978 3653 1102 3805 lgellias

61 3749 532 3928 ridliliiquioiilim
554 3749 873 3907 insilitis&
897 3754 1104 3906 inti}

61 3922 243 4008 latrinam
259 3931 354 4006 hanc
371 3931 409 4006 ln
427 3927 497 4006 suis
515 3931 686 4122 Sprfiiegas
704 3933 900 4008 Pltatarum
916 3927 1106 4103 valdcecffi:
