2584 4770
231 253 300 338 stt
481 237 697 318 mineus
718 234 1033 318 nmurrusrs.
1280 206 1288 331 Ι

324 420 346 462 “
366 415 585 497 FEMINEI
601 423 733 520 flosculi
754 419 921 494 masculis
943 419 1074 512 mixti,
1093 421 1132 501 in
1151 421 1252 500 adem

393 521 538 613 planta,
564 519 700 612 vixque
716 521 761 593 ab
777 517 822 590 iis
839 518 985 591 remoti.
1281 552 1287 628 3

230 647 341 726 CAL.
368 651 543 730 Ammtum
561 673 754 725 commune
778 675 859 726 cum
885 649 1061 728 masculis.
1092 659 1253 734 Perterrito
1282 648 1286 660 '

323 750 472 860 propria
497 749 636 862 foiiolie
668 765 846 843 quatuor,
873 749 1048 842 elevetis,
1079 753 1254 830 tubercula·

325 861 593 1018 pppitippwrrmm
624 845 881 945 mfidentibus,
924 849 1144 955 equalibus,
1169 847 1253 950 perfi-

230 1058 346 1133 COR.
373 1059 482 1134 nulla.

229 1175 350 1253 PIST.
380 1178 514 1251 Germen
530 1188 702 1264 ovatum,
727 1173 789 1248 sub
807 1174 1026 1268 perianthio.
1070 1181 1179 1274 stylus
1190 1178 1251 1254 mi·

324 1295 403 1364 cus,
430 1273 582 1364 eretius,
608 1271 745 1364 firmus,
771 1288 913 1366 patens,
935 1276 1162 1374 longitudine
1178 1275 1252 1372 squa-

325 1393 391 1444 mae
414 1371 600 1464 calycinae.
634 1375 759 1505 stigma
776 1368 954 1481 obtuspm.

228 1486 337 1564 PER.
361 1488 511 1562 nulium.

229 1599 345 1675 SEM.
372 1601 544 1688 unicum,
570 1595 843 1674 subrotundum.

230 1721 316 1798 Obs.
342 1721 432 1794 Vidi
458 1721 565 1796 etiam
596 1717 766 1792 flosculos
788 1713 1107 1815 hermaphroditos
1133 1739 1254 1798 monan-

346 1819 446 1907 dros,
472 1818 622 1910 reliquis
642 1817 840 1896 immixtos.

325 1940 411 2042 Quo
440 1935 618 2010 Austores
645 1935 812 2009 Botanici
840 1934 1060 2010 draratteres
1094 1935 1255 2034 generiem

229 2057 278 2110 eo
298 2035 440 2110 facilius
462 2034 763 2123 determinarent,
793 2033 971 2126 cuicunqe
991 2034 1122 2127 generi
1137 2029 1255 2130 propria

228 2133 479 2228 imposuerunt
505 2132 673 2217 nomina;
702 2151 806 2224 quam
832 2133 882 2204 ob
906 2131 1055 2204 caussam
1086 2129 1254 2205 Micbeliu

228 2232 324 2306 banc
351 2237 496 2324 quo'que
521 2230 679 2322 plantam
706 2225 1062 2304 CYNOMORION
1092 2228 1199 2318 dixit,
1226 2237 1255 2298 m

229 2329 304 2423 ipse
320 2329 431 2401 refert
446 2326 586 2402 aCanis
602 2326 767 2422 genitalis
783 2324 1026 2413 similitudine,
1051 2328 1139 2420 quia
1152 2327 1256 2422 plaute
1281 2400 1291 2429 ·

230 2425 343 2522 figura
359 2447 488 2516 penem
506 2422 605 2496 canis
624 2423 919 2517 qualitercunque
932 2423 1055 2496 refert.
1106 2459 1109 2466 v
1282 2432 1290 2463 ⁵

327 2544 448 2618 Unica
460 2557 600 2617 tantum
615 2543 750 2638 species
765 2541 871 2636 hujus
887 2542 1028 2640 generis
1042 2542 1153 2620 nobis
1167 2539 1258 2614 adhuc
1290 2605 1291 2608 t

232 2641 381 2738 cognita
405 2640 478 2728 est,
514 2655 647 2714 vanum
671 2643 792 2735 itaque
818 2641 1006 2730 duximus,
1039 2637 1257 2716 differenu'an
1283 2638 1291 2659 '

233 2738 409 2831 quandam
431 2737 568 2811 adferre
581 2737 792 2832 specificam.
839 2735 1015 2831 Equidem
1029 2739 1124 2833 nevi
1138 2737 1257 2811 titire
1290 2819 1291 2834 χ

232 2837 271 2910 in
296 2835 405 2910 horto
432 2836 558 2910 Pisano
580 2835 766 2925 haesttaffe,
803 2857 925 2910 annon
952 2836 1047 2908 inter
1074 2825 1257 2930 plantasii
1290 2851 1291 2934 j

231 2933 406 3007 inferiora
421 2934 577 3026 Europae
590 2933 625 3004 bc
635 2932 958 3026 superioraAfricae
972 2931 1186 3020 crescentes,
1201 2931 1258 3024 plu·
1290 2949 1291 2994 ι

232 3054 290 3105 res
302 3031 443 3125 generis
459 3029 563 3120 hujus
580 3029 715 3123 species
730 3030 939 3119 existerent,
963 3029 1066 3122 cujus
1080 3029 1134 3103 rei
1153 3025 1258 3102 asserto

233 3149 280 3202 eo
294 3127 410 3200 minus
428 3126 629 3214 subscribo,
653 3149 726 3219 quo
743 3131 877 3202 certius
892 3125 978 3201 mibi
999 3125 1195 3219 persuasum
1209 3120 1258 3208 eii,
1289 3179 1290 3182 ,

232 3247 341 3300 unam
358 3223 578 3316 eandemque
593 3227 771 3316 plantam,
802 3225 993 3302 secundum
1009 3225 1130 3298 varius
1143 3233 1258 3302 etate&

232 3323 339 3394 valde
353 3322 495 3404 mutari,
521 3320 612 3396 adeo
627 3336 668 3396 ut
685 3323 721 3396 in
739 3324 853 3416 prima
865 3333 970 3398 etate
986 3323 1098 3394 caulis
1110 3323 1149 3396 in
1164 3333 1259 3392 toturn
1289 3317 1290 3384 i

233 3419 423 3511 squamulis
443 3433 603 3509 tegatur,
636 3442 723 3512 quau
743 3419 907 3504 demum,
931 3418 1189 3494 maturescente
1204 3413 1259 3488 fru-

234 3515 306 3601 tbu,
332 3514 375 3588 ad
395 3511 500 3608 ipsam
522 3539 633 3608 usque
651 3517 780 3608 spicam
798 3516 956 3592 coarbiat
973 3517 1008 3590 bt
1028 3515 1120 3608 sepe
1142 3509 1257 3606 dejicit
1289 3511 1290 3598 i

150 3685 157 3700 ,
234 3613 436 3704 Epitheton
455 3613 542 3684 illud
562 3603 605 3680 τὲ
626 3619 807 3688 coccineum
832 3616 964 3707 plante
986 3614 1092 3701 huic,
1118 3625 1259 3688 utrum

241 3710 402 3798 Triviuie,
427 3711 465 3782 in
484 3711 680 3803 Speciebus
698 3713 898 3802 plantarum
915 3709 1135 3798 attribuitur,
1165 3719 1258 3786 certet

234 3807 284 3878 ob
304 3809 472 3879 ruborem
491 3809 604 3880 totius
629 3811 779 3899 planta,
809 3821 937 3903 preter
954 3807 1009 3898 id,
1036 3807 1133 3896 quod
1153 3817 1257 3880 recent

235 3904 350 3980 adhuc
368 3903 550 3980 violenter
568 3904 700 4000 pressa,
725 3904 867 3982 succum
888 3906 1014 3980 reddat
1037 3901 1255 4073 sanguipeum·

929 4061 931 4072 r
1173 4013 1255 4088 wig&
