2584 4770
198 223 270 318 360
392 313 393 316 Ν
450 172 657 298 ruueus
681 193 996 296 mammenus.

210 399 212 404 '
293 394 450 494 RAJUS
466 397 743 492 descriptionem
759 395 878 488 suam,
909 387 1204 472 euoccomt
1223 395 1270 472 de

197 503 320 596 plantis
338 501 463 595 Siculis
478 494 692 596 defentam,
719 495 766 568 fic
779 493 938 590 profert:
962 492 1137 570 Palmaria
1155 493 1205 590 esi
1219 500 1271 570 ul·

198 601 351 690 titudinis
359 632 383 682 ,·
397 597 556 670 insertum
573 597 675 688 major
684 647 697 684 ,
719 591 862 686 fitmgum
877 594 1013 666 nmdtuu
1027 595 1201 686 explicatu
1219 615 1272 666 cn·

194 698 300 792 pituli
318 694 401 790 disco
419 696 516 789 plane
535 689 688 785 restruet.
738 690 913 766 Pediculus
929 693 1066 762 marialis
1087 689 1140 784 est
1157 689 1272 786 cruffi·

200 793 348 874 tudinis,
375 805 441 862 tres
465 805 522 863 aut
539 804 675 884 quotam
698 795 809 863 uncias
830 793 963 882 lmtgus,
977 785 1119 882 scula,
1138 785 1271 880 finge·

192 891 281 988 [ως
308 891 498 983 ,θαρίῑαὶαπη
519 893 613 960 etium
637 886 740 982 ipsum
755 883 947 982 fitmgusum,
974 885 1127 980 pediculo
1148 889 1271 980 parile

201 975 352 1080 crnffius,
376 990 508 1058 minoris
530 998 566 1076 ty
585 987 634 1058 'be
653 985 811 1080 palustris
834 985 959 1056 clauum
980 984 1198 1075 mmmm
1217 1005 1268 1054 re·

135 1093 140 1102 “
196 1082 415 1181 presentans,
448 1084 529 1177 qumi
554 1000 629 1154 dpum
655 1088 762 1168 viret,
789 1079 953 1174 fidigitis
968 1093 1126 1174 premas,
1157 1083 1267 1154 celaui

156 1237 159 1242 a
193 1181 409 1279 ,sanguineum
417 1179 553 1273 succum
563 1177 689 1270 fimdit.
741 1180 808 1252 Per
830 1182 1044 1249 maturitatem
1059 1181 1187 1270 grands
1204 1183 1264 1250 mi·

197 1282 299 1352 mimis
322 1281 495 1351 immuteris
519 1276 752 1372 exasperatur,
774 1278 911 1368 undique
928 1280 1011 1348 curci
1029 1277 1138 1346 colore
1147 1275 1266 1370 Jplm·

201 1377 359 1448 dentibus.
411 1373 549 1470 AEflatis
573 1395 689 1445 munus
709 1371 774 1466 est,
798 1376 874 1445 aliis
891 1371 1127 1465 tmpestmtlru
1149 1387 1266 1444 teme

202 1475 247 1559 δ’
258 1469 393 1564 frustra
404 1471 573 1567 qtlefieris.
611 1469 704 1543 Folia
718 1466 888 1564 tmuiffima
898 1474 1003 1561 prinu
1013 1465 1166 1561 ausiaci
1179 1469 1261 1564 udas*-

194 1570 248 1668 se,
272 1584 366 1664 atque
379 1573 552 1643 maritima
562 1569 717 1666 flultilus
733 1573 878 1640 contami
891 1567 1222 1660 irrigantium.

262 1791 269 1815 ⁵
300 1703 539 1792 FIGURAM
563 1701 779 1778 aMichelio
806 1701 1050 1798 desumuntur,
1078 1704 1147 1800 qui
1169 1703 1268 1804 opti·

203 1826 262 1882 me
280 1802 314 1879 dt
331 1801 375 1876 ad
392 1802 515 1877 vivam
532 1802 693 1897 plantam
708 1801 932 1878 delineavit..
1216 1813 1219 1824 '

644 1985 694 2076 q„
728 1978 817 2052 vu.

453 2161 455 2166 -
592 2109 685 2187 uo
713 2105 864 2190 cus.
972 2186 976 2195 ,

175 2326 178 2335 ,
210 2221 212 2231 ’
297 2239 420 2324 Locus
446 2240 598 2330 natalie,
631 2242 694 2315 vel
721 2238 840 2316 Patria
848 2287 861 2328 ,
894 2237 983 2314 teste
1011 2235 1153 2328 Tillio,
1187 2259 1266 2318 uun

203 2339 333 2434 procul
351 2339 456 2412 distat
476 2337 692 2414 alittoribus
708 2337 816 2410 maris
828 2335 1102 2424 meditemauei3
1129 2337 1265 2414 inven-

202 2452 249 2510 ta
260 2457 403 2529 quoque
416 2436 467 2514 est
483 2435 521 2510 in
540 2435 615 2508 oris
635 2435 862 2524 Mauritania,
893 2433 996 2527 super
1013 2432 1155 2508 radices
1168 2433 1265 2510 Leu-

203 2532 314 2619 tisci,
336 2533 476 2624 Myrti,
512 2533 736 2625 aliorumque
761 2531 932 2605 fruticum
957 2531 992 2604 tr
1017 2529 1265 2624 suffruticum,

203 2627 402 2723 parasrtica.
444 2629 487 2704 In
504 2634 632 2718 Sicilia,
659 2642 701 2702 ut
711 2629 890 2722 Drepani,
914 2626 1266 2722 perLampedusam

205 2740 314 2820 atque
335 2727 534 2824 Melitensem
560 2725 728 2814 insulam,
758 2725 940 2819 speciatim
965 2725 1002 2801 in
1022 2723 1181 2816 scopulo
1203 2728 1264 2800 ad-

53 2849 54 2854 *
204 2825 369 2919 jacente,
398 2827 509 2920 vulgo
537 2827 666 2920 ,staglin
688 2825 738 2896 iel
749 2825 914 2917 generale,
940 2821 1046 2917 etjam
1064 2824 1263 2916 provenit,

205 2922 270 2994 ubi
291 2919 394 3015 suaper
414 2922 597 2996 Halimum
615 2922 674 3013 seu
688 2921 915 2994 Portulacam
934 2918 1109 2994 marinam
1129 2917 1173 2992 C.
1196 2920 1262 3010 B.;

205 3018 319 3092 Nunc
341 3019 431 3092 uero
456 3019 552 3092 circa
581 3015 952 3112 portum'Labronis,
987 3016 1060 3090 five
1086 3013 1263 3108 Liburni,

204 3115 309 3208 super
326 3116 481 3188 radicem
495 3117 598 3206 Kali,
630 3116 704 3188 five
717 3114 975 3188 vermicularis
992 3115 1140 3203 marinae
1152 3113 1263 3187 arbo·

205 3211 377 3286 rescentis
399 3212 430 3306 J.
451 3212 512 3302 B.,
539 3213 609 3286 fuit
632 3211 808 3286 deteslum
826 3213 863 3284 in
883 3205 1138 3283 valetudinarii
1156 3225 1263 3283 vete·

190 3311 255 3384 vris
268 3329 395 3404 aggere
411 3310 454 3381 ad
470 3306 669 3396 meridiem,
700 3310 737 3382 in
756 3307 942 3401 prospectu
955 3308 1093 3402 pontis,
1119 3327 1264 3380 nuncu·

206 3406 282 3500 pati
301 3413 326 3478 tl
339 3421 431 3500 ponte
442 3411 521 3480 delle
537 3411 598 3480 due
614 3407 730 3493 Scala,
757 3407 792 3478 in
808 3427 880 3498 quo
895 3405 939 3477 ad
951 3405 1168 3499 palmarem,
1195 3399 1260 3477 ses·

208 3505 267 3597 qui
286 3505 501 3597 palmarem,
525 3500 740 3597 quandoque
760 3524 849 3575 vero
865 3501 910 3574 ud
925 3501 1118 3576 cubitalem
1137 3499 1261 3574 utitu-

207 3602 349 3689 dinem,
376 3602 471 3675 inter
487 3601 524 3673 N
528 3603 760 3689 ovembrem,
787 3600 821 3673 dc
837 3599 1009 3673 Martium
1025 3598 1163 3674 menses
1179 3619 1257 3670 cre-

206 3699 291 3788 scit,
329 3697 451 3792 ibique
477 3698 666 3772 decidente
694 3696 827 3770 semine
852 3695 886 3770 se
911 3709 1103 3792 propagat·
1148 3693 1255 3767 Cete-

206 3819 285 3871 rum
301 3796 339 3869 in
358 3795 474 3872 Insula
492 3797 671 3890 Melitensr
693 3793 881 3868 observata
899 3793 970 3868 fuit
988 3795 1109 3886 plante
1127 3791 1254 3866 elioc-

206 3917 314 3987 cone,
339 3889 407 3968 nec
423 3915 506 3985 nqu-
519 3893 557 3969 iu
572 3891 747 3990 Drepauo
766 3887 1032 3988 &Lampedusa
1049 3889 1184 3980 insulis,
1208 3907 1254 3998 ae

1205 4007 1247 4059 ur
