<?xml version="1.0" encoding="UTF-8"?>
<!DOCTYPE html PUBLIC "-//W3C//DTD XHTML 1.0 Transitional//EN"
    "http://www.w3.org/TR/xhtml1/DTD/xhtml1-transitional.dtd">
<html xmlns="http://www.w3.org/1999/xhtml" xml:lang="en" lang="en">
 <head>
  <title>
</title>
<meta http-equiv="Content-Type" content="text/html;charset=utf-8" />
  <meta name='ocr-system' content='tesseract 3.04.00' />
  <meta name='ocr-capabilities' content='ocr_page ocr_carea ocr_par ocr_line ocrx_word'/>
</head>
<body>
  <div class='ocr_page' id='page_1' title='image "./carolialinnequi07schrgoog_0157.png"; bbox 0 0 2556 4742; ppageno 0'>
   <div class='ocr_carea' id='block_1_1' title="bbox 263 229 1062 341">
    <p class='ocr_par' dir='ltr' id='par_1_1' title="bbox 263 229 1062 341">
     <span class='ocr_line' id='line_1_1' title="bbox 263 229 1062 341; baseline 0 -17"><span class='ocrx_word' id='word_1_1' title='bbox 263 253 332 341; x_wconf 83' lang='lat'>146</span> <span class='ocrx_word' id='word_1_2' title='bbox 524 229 728 322; x_wconf 77' lang='lat' dir='ltr'>anavus</span> <span class='ocrx_word' id='word_1_3' title='bbox 766 245 1062 324; x_wconf 72' lang='lat' dir='ltr'>annuntius.</span> 
     </span>
    </p>
   </div>
   <div class='ocr_carea' id='block_1_2' title="bbox 246 427 1272 3754">
    <p class='ocr_par' dir='ltr' id='par_1_2' title="bbox 249 427 1272 2980">
     <span class='ocr_line' id='line_1_2' title="bbox 330 427 1272 532; baseline 0.004 -24"><span class='ocrx_word' id='word_1_4' title='bbox 330 487 332 492; x_wconf 89' lang='lat'>-</span> <span class='ocrx_word' id='word_1_5' title='bbox 355 435 509 524; x_wconf 87' lang='lat' dir='ltr'>Gentis,</span> <span class='ocrx_word' id='word_1_6' title='bbox 535 457 613 528; x_wconf 84' lang='lat' dir='ltr'>quae</span> <span class='ocrx_word' id='word_1_7' title='bbox 636 448 768 510; x_wconf 85' lang='lat' dir='ltr'>terram</span> <span class='ocrx_word' id='word_1_8' title='bbox 784 435 1068 532; x_wconf 81' lang='lat' dir='ltr'>sub-gelidilirma</span> <span class='ocrx_word' id='word_1_9' title='bbox 1090 437 1193 512; x_wconf 76' lang='lat' dir='ltr'>Artlo</span> <span class='ocrx_word' id='word_1_10' title='bbox 1209 427 1272 512; x_wconf 83' lang='lat' dir='ltr'>lubi</span> 
     </span>
     <span class='ocr_line' id='line_1_3' title="bbox 257 535 1272 637; baseline 0.006 -30"><span class='ocrx_word' id='word_1_11' title='bbox 257 547 334 625; x_wconf 83' lang='lat' dir='ltr'>tat,</span> <span class='ocrx_word' id='word_1_12' title='bbox 366 535 535 628; x_wconf 83' lang='lat' dir='ltr'>pecuaria</span> <span class='ocrx_word' id='word_1_13' title='bbox 560 556 616 606; x_wconf 89' lang='lat' dir='ltr'>res</span> <span class='ocrx_word' id='word_1_14' title='bbox 647 536 769 637; x_wconf 60' lang='lat' dir='ltr'>ornn‘g</span> <span class='ocrx_word' id='word_1_15' title='bbox 792 536 836 607; x_wconf 90' lang='lat' dir='ltr'>ab</span> <span class='ocrx_word' id='word_1_16' title='bbox 865 537 1007 609; x_wconf 90' lang='lat' dir='ltr'>animali</span> <span class='ocrx_word' id='word_1_17' title='bbox 1036 537 1183 628; x_wconf 81' lang='lat' dir='ltr'>pendet,</span> <span class='ocrx_word' id='word_1_18' title='bbox 1208 537 1272 628; x_wconf 79' lang='lat' dir='ltr'>quot</span> 
     </span>
     <span class='ocr_line' id='line_1_4' title="bbox 256 631 1272 728; baseline 0.004 -22"><span class='ocrx_word' id='word_1_19' title='bbox 256 633 390 706; x_wconf 78' lang='lat' dir='ltr'>Rheno</span> <span class='ocrx_word' id='word_1_20' title='bbox 408 633 466 704; x_wconf 88' lang='lat' dir='ltr'>vel</span> <span class='ocrx_word' id='word_1_21' title='bbox 482 631 655 727; x_wconf 87' lang='lat' dir='ltr'>Rangifer</span> <span class='ocrx_word' id='word_1_22' title='bbox 671 634 783 728; x_wconf 83' lang='lat' dir='ltr'>vulgo</span> <span class='ocrx_word' id='word_1_23' title='bbox 806 634 1027 726; x_wconf 88' lang='lat' dir='ltr'>appellatur,</span> <span class='ocrx_word' id='word_1_24' title='bbox 1052 647 1193 726; x_wconf 86' lang='lat' dir='ltr'>totaque</span> <span class='ocrx_word' id='word_1_25' title='bbox 1209 637 1272 710; x_wconf 89' lang='lat' dir='ltr'>illiul</span> 
     </span>
     <span class='ocr_line' id='line_1_5' title="bbox 259 728 1272 804; baseline -0.003 -1"><span class='ocrx_word' id='word_1_26' title='bbox 259 729 390 803; x_wconf 90' lang='lat' dir='ltr'>Gentis</span> <span class='ocrx_word' id='word_1_27' title='bbox 413 728 619 803; x_wconf 87' lang='lat' dir='ltr'>aeconomia</span> <span class='ocrx_word' id='word_1_28' title='bbox 635 729 668 802; x_wconf 77' lang='lat' dir='ltr'>a</span> <span class='ocrx_word' id='word_1_29' title='bbox 685 730 836 803; x_wconf 89' lang='lat' dir='ltr'>vivendi</span> <span class='ocrx_word' id='word_1_30' title='bbox 860 732 955 802; x_wconf 86' lang='lat' dir='ltr'>ratio</span> <span class='ocrx_word' id='word_1_31' title='bbox 971 753 1016 803; x_wconf 90' lang='lat' dir='ltr'>eo</span> <span class='ocrx_word' id='word_1_32' title='bbox 1032 731 1167 804; x_wconf 85' lang='lat' dir='ltr'>nititur.</span> <span class='ocrx_word' id='word_1_33' title='bbox 1209 731 1272 804; x_wconf 83' lang='lat' dir='ltr'>Feli</span> 
     </span>
     <span class='ocr_line' id='line_1_6' title="bbox 258 826 1272 923; baseline -0.003 -22"><span class='ocrx_word' id='word_1_34' title='bbox 258 829 406 901; x_wconf 84' lang='lat' dir='ltr'>citatem</span> <span class='ocrx_word' id='word_1_35' title='bbox 422 829 528 919; x_wconf 86' lang='lat' dir='ltr'>hujus</span> <span class='ocrx_word' id='word_1_36' title='bbox 548 826 698 898; x_wconf 81' lang='lat' dir='ltr'>terras&amp;</span> <span class='ocrx_word' id='word_1_37' title='bbox 719 827 918 900; x_wconf 89' lang='lat' dir='ltr'>incolarum</span> <span class='ocrx_word' id='word_1_38' title='bbox 934 828 993 920; x_wconf 92' lang='lat' dir='ltr'>qui</span> <span class='ocrx_word' id='word_1_39' title='bbox 1015 829 1217 923; x_wconf 82' lang='lat' dir='ltr'>cognoscere</span> <span class='ocrx_word' id='word_1_40' title='bbox 1230 852 1272 898; x_wconf 83' lang='lat' dir='ltr'>uu</span> 
     </span>
     <span class='ocr_line' id='line_1_7' title="bbox 257 923 1272 1014; baseline -0.002 -16"><span class='ocrx_word' id='word_1_41' title='bbox 257 927 389 1014; x_wconf 77' lang='lat' dir='ltr'>luerit,</span> <span class='ocrx_word' id='word_1_42' title='bbox 417 937 500 997; x_wconf 88' lang='lat' dir='ltr'>ante</span> <span class='ocrx_word' id='word_1_43' title='bbox 521 925 642 998; x_wconf 88' lang='lat' dir='ltr'>omnia</span> <span class='ocrx_word' id='word_1_44' title='bbox 668 923 729 996; x_wconf 85' lang='lat' dir='ltr'>fibi</span> <span class='ocrx_word' id='word_1_45' title='bbox 752 939 915 998; x_wconf 86' lang='lat' dir='ltr'>naturam</span> <span class='ocrx_word' id='word_1_46' title='bbox 935 925 969 997; x_wconf 76' lang='lat' dir='ltr'>a</span> <span class='ocrx_word' id='word_1_47' title='bbox 989 925 1146 999; x_wconf 85' lang='lat' dir='ltr'>indolem</span> <span class='ocrx_word' id='word_1_48' title='bbox 1163 924 1272 999; x_wconf 76' lang='lat' dir='ltr'>familia</span> 
     </span>
     <span class='ocr_line' id='line_1_8' title="bbox 256 1018 1272 1118; baseline -0.005 -20"><span class='ocrx_word' id='word_1_49' title='bbox 256 1045 334 1098; x_wconf 87' lang='lat' dir='ltr'>rem</span> <span class='ocrx_word' id='word_1_50' title='bbox 354 1022 481 1095; x_wconf 84' lang='lat' dir='ltr'>reddat</span> <span class='ocrx_word' id='word_1_51' title='bbox 503 1018 704 1112; x_wconf 88' lang='lat' dir='ltr'>Animalis,</span> <span class='ocrx_word' id='word_1_52' title='bbox 740 1023 838 1114; x_wconf 89' lang='lat' dir='ltr'>quod</span> <span class='ocrx_word' id='word_1_53' title='bbox 860 1022 1070 1096; x_wconf 87' lang='lat' dir='ltr'>australibus</span> <span class='ocrx_word' id='word_1_54' title='bbox 1096 1023 1130 1096; x_wconf 92' lang='lat' dir='ltr'>in</span> <span class='ocrx_word' id='word_1_55' title='bbox 1152 1022 1272 1118; x_wconf 83' lang='lat' dir='ltr'>parnbut</span> 
     </span>
     <span class='ocr_line' id='line_1_9' title="bbox 256 1119 1272 1212; baseline -0.004 -16"><span class='ocrx_word' id='word_1_56' title='bbox 256 1121 437 1212; x_wconf 85' lang='lat' dir='ltr'>Europae,</span> <span class='ocrx_word' id='word_1_57' title='bbox 465 1120 574 1191; x_wconf 92' lang='lat' dir='ltr'>immo</span> <span class='ocrx_word' id='word_1_58' title='bbox 594 1119 721 1194; x_wconf 84' lang='lat' dir='ltr'>Patriae</span> <span class='ocrx_word' id='word_1_59' title='bbox 737 1120 844 1192; x_wconf 88' lang='lat' dir='ltr'>etiam</span> <span class='ocrx_word' id='word_1_60' title='bbox 868 1120 1012 1210; x_wconf 74' lang='lat' dir='ltr'>nostrae,</span> <span class='ocrx_word' id='word_1_61' title='bbox 1026 1120 1272 1196; x_wconf 73' lang='lat' dir='ltr'>insulensem</span> 
     </span>
     <span class='ocr_line' id='line_1_10' title="bbox 256 1183 1272 1312; baseline -0.005 -19"><span class='ocrx_word' id='word_1_62' title='bbox 256 1242 326 1293; x_wconf 89' lang='lat' dir='ltr'>nus</span> <span class='ocrx_word' id='word_1_63' title='bbox 351 1217 519 1310; x_wconf 85' lang='lat' dir='ltr'><strong>frequens</strong></span> <span class='ocrx_word' id='word_1_64' title='bbox 544 1215 860 1290; x_wconf 85' lang='lat' dir='ltr'>soletoccurrere.</span> <span class='ocrx_word' id='word_1_65' title='bbox 911 1215 1049 1292; x_wconf 88' lang='lat' dir='ltr'>Amore</span> <span class='ocrx_word' id='word_1_66' title='bbox 1074 1220 1178 1312; x_wconf 88' lang='lat' dir='ltr'>igitur</span> <span class='ocrx_word' id='word_1_67' title='bbox 1199 1183 1272 1312; x_wconf 64' lang='lat' dir='ltr'>addai</span> 
     </span>
     <span class='ocr_line' id='line_1_11' title="bbox 257 1312 1272 1410; baseline -0.005 -20"><span class='ocrx_word' id='word_1_68' title='bbox 257 1316 354 1406; x_wconf 73' lang='lat' dir='ltr'>tius,</span> <span class='ocrx_word' id='word_1_69' title='bbox 376 1337 449 1408; x_wconf 88' lang='lat' dir='ltr'>quo</span> <span class='ocrx_word' id='word_1_70' title='bbox 472 1315 572 1386; x_wconf 90' lang='lat' dir='ltr'>feror</span> <span class='ocrx_word' id='word_1_71' title='bbox 593 1314 632 1386; x_wconf 89' lang='lat' dir='ltr'>in</span> <span class='ocrx_word' id='word_1_72' title='bbox 647 1312 845 1387; x_wconf 88' lang='lat' dir='ltr'>Historiam</span> <span class='ocrx_word' id='word_1_73' title='bbox 865 1317 1063 1388; x_wconf 72' lang='lat' dir='ltr'><strong>naturalem</strong></span> <span class='ocrx_word' id='word_1_74' title='bbox 1085 1315 1272 1410; x_wconf 71' lang='lat' dir='ltr'>&amp;precipui</span> 
     </span>
     <span class='ocr_line' id='line_1_12' title="bbox 256 1410 1272 1508; baseline -0.008 -20"><span class='ocrx_word' id='word_1_75' title='bbox 256 1413 497 1508; x_wconf 84' lang='lat' dir='ltr'>Zoologiam,</span> <span class='ocrx_word' id='word_1_76' title='bbox 525 1410 670 1484; x_wconf 83' lang='lat' dir='ltr'>Animal</span> <span class='ocrx_word' id='word_1_77' title='bbox 692 1412 808 1484; x_wconf 88' lang='lat' dir='ltr'>hocce</span> <span class='ocrx_word' id='word_1_78' title='bbox 833 1411 1048 1505; x_wconf 83' lang='lat' dir='ltr'>potiffimum</span> <span class='ocrx_word' id='word_1_79' title='bbox 1074 1415 1160 1487; x_wconf 88' lang='lat' dir='ltr'>mibi</span> <span class='ocrx_word' id='word_1_80' title='bbox 1184 1411 1272 1502; x_wconf 74' lang='lat' dir='ltr'>deliri]</span> 
     </span>
     <span class='ocr_line' id='line_1_13' title="bbox 255 1509 1272 1606; baseline -0.005 -20"><span class='ocrx_word' id='word_1_81' title='bbox 255 1511 413 1586; x_wconf 86' lang='lat' dir='ltr'>bendum</span> <span class='ocrx_word' id='word_1_82' title='bbox 431 1511 544 1605; x_wconf 81' lang='lat' dir='ltr'>elegi,</span> <span class='ocrx_word' id='word_1_83' title='bbox 570 1510 821 1602; x_wconf 88' lang='lat' dir='ltr'>qualecunque</span> <span class='ocrx_word' id='word_1_84' title='bbox 846 1511 1006 1583; x_wconf 83' lang='lat' dir='ltr'>editurus</span> <span class='ocrx_word' id='word_1_85' title='bbox 1023 1511 1219 1606; x_wconf 88' lang='lat' dir='ltr'>specimen;</span> <span class='ocrx_word' id='word_1_86' title='bbox 1238 1509 1272 1584; x_wconf 76' lang='lat' dir='ltr'>nel</span> 
     </span>
     <span class='ocr_line' id='line_1_14' title="bbox 255 1599 1272 1704; baseline -0.007 -21"><span class='ocrx_word' id='word_1_87' title='bbox 255 1632 326 1704; x_wconf 90' lang='lat' dir='ltr'>que</span> <span class='ocrx_word' id='word_1_88' title='bbox 343 1631 418 1683; x_wconf 89' lang='lat' dir='ltr'>rem</span> <span class='ocrx_word' id='word_1_89' title='bbox 435 1607 546 1680; x_wconf 74' lang='lat' dir='ltr'>attam</span> <span class='ocrx_word' id='word_1_90' title='bbox 560 1629 618 1680; x_wconf 91' lang='lat' dir='ltr'>me</span> <span class='ocrx_word' id='word_1_91' title='bbox 635 1605 792 1680; x_wconf 74' lang='lat' dir='ltr'>aliturum</span> <span class='ocrx_word' id='word_1_92' title='bbox 811 1609 1002 1680; x_wconf 84' lang='lat' dir='ltr'>arbitratus</span> <span class='ocrx_word' id='word_1_93' title='bbox 1018 1608 1108 1699; x_wconf 77' lang='lat' dir='ltr'>suan,</span> <span class='ocrx_word' id='word_1_94' title='bbox 1133 1599 1272 1684; x_wconf 76' lang='lat' dir='ltr'>siderini</span> 
     </span>
     <span class='ocr_line' id='line_1_15' title="bbox 254 1687 1272 1804; baseline -0.002 -23"><span class='ocrx_word' id='word_1_95' title='bbox 254 1708 339 1781; x_wconf 86' lang='lat' dir='ltr'>mali</span> <span class='ocrx_word' id='word_1_96' title='bbox 357 1727 521 1804; x_wconf 85' lang='lat' dir='ltr'>agerem,</span> <span class='ocrx_word' id='word_1_97' title='bbox 547 1705 644 1796; x_wconf 71' lang='lat' dir='ltr'>qued</span> <span class='ocrx_word' id='word_1_98' title='bbox 661 1726 681 1776; x_wconf 91' lang='lat' dir='ltr'>a</span> <span class='ocrx_word' id='word_1_99' title='bbox 698 1703 884 1778; x_wconf 87' lang='lat' dir='ltr'>Scheffero</span> <span class='ocrx_word' id='word_1_100' title='bbox 903 1707 1094 1798; x_wconf 86' lang='lat' dir='ltr'>quidem&amp;</span> <span class='ocrx_word' id='word_1_101' title='bbox 1113 1707 1230 1782; x_wconf 88' lang='lat' dir='ltr'>ceteris</span> <span class='ocrx_word' id='word_1_102' title='bbox 1243 1687 1272 1794; x_wconf 65' lang='lat' dir='ltr'>‘i</span> 
     </span>
     <span class='ocr_line' id='line_1_16' title="bbox 255 1799 1270 1897; baseline -0.003 -20"><span class='ocrx_word' id='word_1_103' title='bbox 255 1805 315 1897; x_wconf 89' lang='lat' dir='ltr'>qui</span> <span class='ocrx_word' id='word_1_104' title='bbox 345 1801 527 1876; x_wconf 85' lang='lat' dir='ltr'>historiam</span> <span class='ocrx_word' id='word_1_105' title='bbox 554 1801 752 1896; x_wconf 84' lang='lat' dir='ltr'>Lapponiae</span> <span class='ocrx_word' id='word_1_106' title='bbox 777 1802 975 1894; x_wconf 80' lang='lat' dir='ltr'>tradidere,</span> <span class='ocrx_word' id='word_1_107' title='bbox 1007 1811 1084 1879; x_wconf 78' lang='lat' dir='ltr'>nun</span> <span class='ocrx_word' id='word_1_108' title='bbox 1113 1808 1199 1878; x_wconf 88' lang='lat' dir='ltr'>adea</span> <span class='ocrx_word' id='word_1_109' title='bbox 1217 1799 1270 1876; x_wconf 82' lang='lat' dir='ltr'>sub</span> 
     </span>
     <span class='ocr_line' id='line_1_17' title="bbox 254 1898 1269 1997; baseline -0.006 -22"><span class='ocrx_word' id='word_1_110' title='bbox 254 1902 394 1975; x_wconf 87' lang='lat' dir='ltr'>cienter</span> <span class='ocrx_word' id='word_1_111' title='bbox 411 1901 625 1993; x_wconf 88' lang='lat' dir='ltr'>descriptum</span> <span class='ocrx_word' id='word_1_112' title='bbox 644 1898 717 1972; x_wconf 51' lang='lat' dir='ltr'>ests</span> <span class='ocrx_word' id='word_1_113' title='bbox 759 1900 872 1973; x_wconf 84' lang='lat' dir='ltr'>Varia</span> <span class='ocrx_word' id='word_1_114' title='bbox 891 1900 935 1974; x_wconf 86' lang='lat' dir='ltr'>de</span> <span class='ocrx_word' id='word_1_115' title='bbox 953 1919 1078 1975; x_wconf 89' lang='lat' dir='ltr'>natura</span> <span class='ocrx_word' id='word_1_116' title='bbox 1099 1898 1269 1997; x_wconf 74' lang='lat' dir='ltr'>lrnjusrini</span> 
     </span>
     <span class='ocr_line' id='line_1_18' title="bbox 251 1979 1272 2092; baseline -0.006 -19"><span class='ocrx_word' id='word_1_117' title='bbox 251 2001 355 2073; x_wconf 89' lang='lat' dir='ltr'>malis</span> <span class='ocrx_word' id='word_1_118' title='bbox 376 2000 412 2071; x_wconf 94' lang='lat' dir='ltr'>in</span> <span class='ocrx_word' id='word_1_119' title='bbox 429 1998 538 2074; x_wconf 82' lang='lat' dir='ltr'>Flora</span> <span class='ocrx_word' id='word_1_120' title='bbox 555 1997 773 2092; x_wconf 76' lang='lat' dir='ltr'>Lapponrca</span> <span class='ocrx_word' id='word_1_121' title='bbox 789 1998 957 2091; x_wconf 87' lang='lat' dir='ltr'>exposuit</span> <span class='ocrx_word' id='word_1_122' title='bbox 976 2000 1077 2073; x_wconf 91' lang='lat' dir='ltr'>Nob.</span> <span class='ocrx_word' id='word_1_123' title='bbox 1094 2002 1144 2074; x_wconf 93' lang='lat' dir='ltr'>D.</span> <span class='ocrx_word' id='word_1_124' title='bbox 1161 1979 1272 2088; x_wconf 65' lang='lat' dir='ltr'>Prasesl</span> 
     </span>
     <span class='ocr_line' id='line_1_19' title="bbox 252 2093 1272 2189; baseline 0.004 -19"><span class='ocrx_word' id='word_1_125' title='bbox 252 2097 532 2170; x_wconf 87' lang='lat' dir='ltr'>&amp;itinerarium</span> <span class='ocrx_word' id='word_1_126' title='bbox 551 2095 804 2189; x_wconf 87' lang='lat' dir='ltr'>Lapponicum</span> <span class='ocrx_word' id='word_1_127' title='bbox 830 2117 849 2168; x_wconf 90' lang='lat' dir='ltr'>a</span> <span class='ocrx_word' id='word_1_128' title='bbox 873 2095 918 2170; x_wconf 87' lang='lat' dir='ltr'>Se</span> <span class='ocrx_word' id='word_1_129' title='bbox 942 2099 1150 2174; x_wconf 78' lang='lat' dir='ltr'>consenum</span> <span class='ocrx_word' id='word_1_130' title='bbox 1171 2101 1204 2174; x_wconf 89' lang='lat' dir='ltr'>in</span> <span class='ocrx_word' id='word_1_131' title='bbox 1221 2093 1272 2178; x_wconf 71' lang='lat' dir='ltr'>Mal</span> 
     </span>
     <span class='ocr_line' id='line_1_20' title="bbox 252 2183 1272 2292; baseline -0.004 -24"><span class='ocrx_word' id='word_1_132' title='bbox 252 2193 437 2288; x_wconf 84' lang='lat' dir='ltr'>nuscripto</span> <span class='ocrx_word' id='word_1_133' title='bbox 453 2193 569 2268; x_wconf 89' lang='lat' dir='ltr'>adbuc</span> <span class='ocrx_word' id='word_1_134' title='bbox 585 2194 723 2282; x_wconf 84' lang='lat' dir='ltr'>latens,</span> <span class='ocrx_word' id='word_1_135' title='bbox 751 2215 893 2266; x_wconf 86' lang='lat' dir='ltr'>meeum</span> <span class='ocrx_word' id='word_1_136' title='bbox 911 2197 1136 2292; x_wconf 82' lang='lat' dir='ltr'>perbenigne</span> <span class='ocrx_word' id='word_1_137' title='bbox 1152 2183 1272 2272; x_wconf 70' lang='lat' dir='ltr'>commui</span> 
     </span>
     <span class='ocr_line' id='line_1_21' title="bbox 251 2289 1269 2389; baseline -0.004 -23"><span class='ocrx_word' id='word_1_138' title='bbox 251 2293 413 2382; x_wconf 82' lang='lat' dir='ltr'>micavit,</span> <span class='ocrx_word' id='word_1_139' title='bbox 448 2307 489 2364; x_wconf 91' lang='lat' dir='ltr'>ut</span> <span class='ocrx_word' id='word_1_140' title='bbox 511 2313 555 2364; x_wconf 84' lang='lat' dir='ltr'>ex</span> <span class='ocrx_word' id='word_1_141' title='bbox 577 2291 643 2363; x_wconf 91' lang='lat' dir='ltr'>illo</span> <span class='ocrx_word' id='word_1_142' title='bbox 668 2289 899 2386; x_wconf 85' lang='lat' dir='ltr'>colligerem,</span> <span class='ocrx_word' id='word_1_143' title='bbox 936 2315 1012 2386; x_wconf 82' lang='lat' dir='ltr'>quae</span> <span class='ocrx_word' id='word_1_144' title='bbox 1036 2297 1079 2367; x_wconf 87' lang='lat' dir='ltr'>ad</span> <span class='ocrx_word' id='word_1_145' title='bbox 1108 2297 1180 2370; x_wconf 89' lang='lat' dir='ltr'>hoc</span> <span class='ocrx_word' id='word_1_146' title='bbox 1205 2313 1269 2389; x_wconf 78' lang='lat' dir='ltr'>argu</span> 
     </span>
     <span class='ocr_line' id='line_1_22' title="bbox 251 2375 1272 2482; baseline -0.004 -19"><span class='ocrx_word' id='word_1_147' title='bbox 251 2402 412 2463; x_wconf 87' lang='lat' dir='ltr'>mentum</span> <span class='ocrx_word' id='word_1_148' title='bbox 441 2387 628 2482; x_wconf 61' lang='lat' dir='ltr'>spetiant„</span> <span class='ocrx_word' id='word_1_149' title='bbox 671 2388 762 2460; x_wconf 86' lang='lat' dir='ltr'>Haec</span> <span class='ocrx_word' id='word_1_150' title='bbox 788 2412 855 2482; x_wconf 85' lang='lat' dir='ltr'>pro</span> <span class='ocrx_word' id='word_1_151' title='bbox 875 2413 959 2462; x_wconf 89' lang='lat' dir='ltr'>meo</span> <span class='ocrx_word' id='word_1_152' title='bbox 978 2392 1131 2466; x_wconf 80' lang='lat' dir='ltr'>mutlulo</span> <span class='ocrx_word' id='word_1_153' title='bbox 1156 2375 1272 2468; x_wconf 77' lang='lat' dir='ltr'>moral</span> 
     </span>
     <span class='ocr_line' id='line_1_23' title="bbox 251 2485 1272 2582; baseline -0.007 -20"><span class='ocrx_word' id='word_1_154' title='bbox 251 2510 335 2562; x_wconf 91' lang='lat' dir='ltr'>nem</span> <span class='ocrx_word' id='word_1_155' title='bbox 363 2507 443 2560; x_wconf 90' lang='lat' dir='ltr'>curn</span> <span class='ocrx_word' id='word_1_156' title='bbox 467 2489 558 2577; x_wconf 83' lang='lat' dir='ltr'>illis,</span> <span class='ocrx_word' id='word_1_157' title='bbox 592 2507 669 2578; x_wconf 85' lang='lat' dir='ltr'>quae</span> <span class='ocrx_word' id='word_1_158' title='bbox 694 2485 859 2559; x_wconf 87' lang='lat' dir='ltr'>mihimet</span> <span class='ocrx_word' id='word_1_159' title='bbox 882 2488 945 2582; x_wconf 84' lang='lat' dir='ltr'>ipss</span> <span class='ocrx_word' id='word_1_160' title='bbox 965 2489 1160 2564; x_wconf 85' lang='lat' dir='ltr'>observare</span> <span class='ocrx_word' id='word_1_161' title='bbox 1182 2491 1272 2576; x_wconf 56' lang='lat' dir='ltr'>licuit,</span> 
     </span>
     <span class='ocr_line' id='line_1_24' title="bbox 250 2579 1272 2678; baseline 0.008 -21"><span class='ocrx_word' id='word_1_162' title='bbox 250 2585 413 2678; x_wconf 84' lang='lat' dir='ltr'>redigere</span> <span class='ocrx_word' id='word_1_163' title='bbox 435 2597 588 2656; x_wconf 81' lang='lat' dir='ltr'>conatus</span> <span class='ocrx_word' id='word_1_164' title='bbox 607 2583 693 2656; x_wconf 87' lang='lat' dir='ltr'>sam.</span> <span class='ocrx_word' id='word_1_165' title='bbox 746 2583 781 2654; x_wconf 91' lang='lat' dir='ltr'>Si</span> <span class='ocrx_word' id='word_1_166' title='bbox 805 2585 965 2659; x_wconf 85' lang='lat' dir='ltr'>Historia</span> <span class='ocrx_word' id='word_1_167' title='bbox 987 2586 1163 2662; x_wconf 78' lang='lat' dir='ltr'>succintla</span> <span class='ocrx_word' id='word_1_168' title='bbox 1182 2579 1272 2664; x_wconf 80' lang='lat' dir='ltr'>Altisl</span> 
     </span>
     <span class='ocr_line' id='line_1_25' title="bbox 251 2679 1243 2782; baseline 0.001 -28"><span class='ocrx_word' id='word_1_169' title='bbox 251 2704 355 2774; x_wconf 89' lang='lat' dir='ltr'>qnam</span> <span class='ocrx_word' id='word_1_170' title='bbox 383 2682 514 2754; x_wconf 83' lang='lat' dir='ltr'>dudum</span> <span class='ocrx_word' id='word_1_171' title='bbox 538 2680 748 2773; x_wconf 86' lang='lat' dir='ltr'>Leopoldus</span> <span class='ocrx_word' id='word_1_172' title='bbox 780 2679 900 2770; x_wconf 77' lang='lat' dir='ltr'>dedit,</span> <span class='ocrx_word' id='word_1_173' title='bbox 941 2687 1072 2758; x_wconf 85' lang='lat' dir='ltr'>meruit</span> <span class='ocrx_word' id='word_1_174' title='bbox 1100 2683 1243 2782; x_wconf 81' lang='lat' dir='ltr'>applaui</span> 
     </span>
     <span class='ocr_line' id='line_1_26' title="bbox 250 2779 1265 2874; baseline -0.003 -22"><span class='ocrx_word' id='word_1_175' title='bbox 250 2779 382 2852; x_wconf 90' lang='lat' dir='ltr'>eruditi</span> <span class='ocrx_word' id='word_1_176' title='bbox 404 2779 525 2868; x_wconf 75' lang='lat' dir='ltr'>orbis,</span> <span class='ocrx_word' id='word_1_177' title='bbox 561 2779 664 2872; x_wconf 89' lang='lat' dir='ltr'>spero</span> <span class='ocrx_word' id='word_1_178' title='bbox 679 2801 736 2848; x_wconf 90' lang='lat' dir='ltr'>me</span> <span class='ocrx_word' id='word_1_179' title='bbox 757 2800 833 2851; x_wconf 92' lang='lat' dir='ltr'>non</span> <span class='ocrx_word' id='word_1_180' title='bbox 856 2779 1114 2874; x_wconf 88' lang='lat' dir='ltr'>displiciturum</span> <span class='ocrx_word' id='word_1_181' title='bbox 1135 2783 1265 2858; x_wconf 85' lang='lat' dir='ltr'>eruditis</span> 
     </span>
     <span class='ocr_line' id='line_1_27' title="bbox 249 2876 996 2970; baseline 0.002 -20"><span class='ocrx_word' id='word_1_182' title='bbox 249 2877 274 2950; x_wconf 89' lang='lat' dir='ltr'>sr</span> <span class='ocrx_word' id='word_1_183' title='bbox 291 2877 435 2950; x_wconf 82' lang='lat' dir='ltr'>Animal</span> <span class='ocrx_word' id='word_1_184' title='bbox 454 2877 535 2949; x_wconf 86' lang='lat' dir='ltr'>Alci</span> <span class='ocrx_word' id='word_1_185' title='bbox 558 2876 762 2970; x_wconf 86' lang='lat' dir='ltr'>proximum</span> <span class='ocrx_word' id='word_1_186' title='bbox 782 2878 996 2970; x_wconf 81' lang='lat' dir='ltr'>exposuere.</span> 
     </span>
    </p>

    <p class='ocr_par' dir='ltr' id='par_1_3' title="bbox 1086 2983 1272 3090">
     <span class='ocr_line' id='line_1_28' title="bbox 1086 2983 1272 3044; baseline 0 46"><span class='ocrx_word' id='word_1_187' title='bbox 1086 2983 1272 3044; x_wconf 51' lang='lat' dir='ltr'>——e</span> 
     </span>
    </p>

    <p class='ocr_par' dir='ltr' id='par_1_4' title="bbox 653 3243 1272 3330">
     <span class='ocr_line' id='line_1_29' title="bbox 653 3243 1272 3330; baseline 0.005 -13"><span class='ocrx_word' id='word_1_188' title='bbox 653 3243 891 3320; x_wconf 82' lang='lat' dir='ltr'><strong>NOMEN.</strong></span> <span class='ocrx_word' id='word_1_189' title='bbox 1271 3253 1272 3330; x_wconf 84' lang='lat' dir='ltr'>l</span> 
     </span>
    </p>

    <p class='ocr_par' dir='ltr' id='par_1_5' title="bbox 246 3361 1272 3754">
     <span class='ocr_line' id='line_1_30' title="bbox 246 3361 1272 3466; baseline 0.012 -30"><span class='ocrx_word' id='word_1_190' title='bbox 246 3361 428 3437; x_wconf 89' lang='lat' dir='ltr'><strong>RHENO</strong></span> <span class='ocrx_word' id='word_1_191' title='bbox 466 3363 521 3456; x_wconf 45' lang='lat' dir='ltr'>ab„</span> <span class='ocrx_word' id='word_1_192' title='bbox 540 3365 696 3460; x_wconf 85' lang='lat' dir='ltr'>antiquis</span> <span class='ocrx_word' id='word_1_193' title='bbox 736 3366 843 3442; x_wconf 86' lang='lat' dir='ltr'>etiam</span> <span class='ocrx_word' id='word_1_194' title='bbox 872 3371 1031 3466; x_wconf 68' lang='lat' dir='ltr'>Rnngrfer</span> <span class='ocrx_word' id='word_1_195' title='bbox 1061 3375 1095 3447; x_wconf 75' lang='lat' dir='ltr'>a·</span> <span class='ocrx_word' id='word_1_196' title='bbox 1133 3367 1272 3450; x_wconf 70' lang='lat' dir='ltr'>&#39;lar-nal</span> 
     </span>
     <span class='ocr_line' id='line_1_31' title="bbox 362 3455 1272 3564; baseline 0.018 -30"><span class='ocrx_word' id='word_1_197' title='bbox 362 3463 562 3554; x_wconf 88' lang='lat' dir='ltr'>nuncupari</span> <span class='ocrx_word' id='word_1_198' title='bbox 587 3461 720 3536; x_wconf 86' lang='lat' dir='ltr'>suevit:</span> <span class='ocrx_word' id='word_1_199' title='bbox 771 3465 983 3561; x_wconf 84' lang='lat' dir='ltr'>Synonyma</span> <span class='ocrx_word' id='word_1_200' title='bbox 1005 3476 1082 3564; x_wconf 84' lang='lat' dir='ltr'>ejus</span> <span class='ocrx_word' id='word_1_201' title='bbox 1107 3474 1205 3548; x_wconf 89' lang='lat' dir='ltr'>sunt:</span> <span class='ocrx_word' id='word_1_202' title='bbox 1271 3455 1272 3550; x_wconf 66' lang='lat' dir='ltr'>i</span> 
     </span>
     <span class='ocr_line' id='line_1_32' title="bbox 247 3555 1272 3696; baseline 0.01 -64"><span class='ocrx_word' id='word_1_203' title='bbox 247 3555 447 3632; x_wconf 88' lang='lat' dir='ltr'>CERVUS</span> <span class='ocrx_word' id='word_1_204' title='bbox 468 3561 641 3633; x_wconf 85' lang='lat' dir='ltr'>cornibus</span> <span class='ocrx_word' id='word_1_205' title='bbox 660 3563 804 3635; x_wconf 80' lang='lat' dir='ltr'>ramosas</span> <span class='ocrx_word' id='word_1_206' title='bbox 821 3568 1017 3650; x_wconf 85' lang='lat' dir='ltr'>teretibus:</span> <span class='ocrx_word' id='word_1_207' title='bbox 1039 3565 1272 3696; x_wconf 56' lang='lat' dir='ltr'>summitatibll</span> 
     </span>
     <span class='ocr_line' id='line_1_33' title="bbox 361 3655 879 3754; baseline 0.012 -25"><span class='ocrx_word' id='word_1_208' title='bbox 361 3655 537 3752; x_wconf 82' lang='lat' dir='ltr'>palmatis.</span> <span class='ocrx_word' id='word_1_209' title='bbox 590 3659 694 3733; x_wconf 79' lang='lat' dir='ltr'>Fatua.</span> <span class='ocrx_word' id='word_1_210' title='bbox 711 3664 802 3733; x_wconf 77' lang='lat' dir='ltr'>Suet.</span> <span class='ocrx_word' id='word_1_211' title='bbox 821 3674 879 3754; x_wconf 80' lang='lat'>38.</span> 
     </span>
    </p>
   </div>
   <div class='ocr_carea' id='block_1_3' title="bbox 1202 3763 1272 3858">
    <p class='ocr_par' dir='ltr' id='par_1_6' title="bbox 1202 3727 1272 3886">
     <span class='ocr_line' id='line_1_34' title="bbox 1202 3763 1272 3858; baseline -0.114 -21"><span class='ocrx_word' id='word_1_212' title='bbox 1202 3763 1272 3858; x_wconf 59' lang='grc' dir='ltr'>(ἕψε</span> 
     </span>
    </p>
   </div>
   <div class='ocr_carea' id='block_1_4' title="bbox 239 3893 1272 4130">
    <p class='ocr_par' dir='ltr' id='par_1_7' title="bbox 239 3893 1272 4130">
     <span class='ocr_line' id='line_1_35' title="bbox 280 3893 1272 4055; baseline 0.023 -48"><span class='ocrx_word' id='word_1_213' title='bbox 280 3951 316 4030; x_wconf 83' lang='grc'>*)</span> <span class='ocrx_word' id='word_1_214' title='bbox 344 3947 468 4010; x_wconf 90' lang='lat' dir='ltr'>Hulden</span> <span class='ocrx_word' id='word_1_215' title='bbox 488 3947 567 4042; x_wconf 65' lang='lat' dir='ltr'>Rhil.</span> <span class='ocrx_word' id='word_1_216' title='bbox 589 3952 763 4035; x_wconf 70' lang='lat' dir='ltr'>multifaria</span> <span class='ocrx_word' id='word_1_217' title='bbox 781 3957 920 4047; x_wconf 72' lang='lat' dir='ltr'>utilitatis</span> <span class='ocrx_word' id='word_1_218' title='bbox 939 3893 1272 4055; x_wconf 55' lang='lat' dir='ltr'>Rangiferffl</span> 
     </span>
     <span class='ocr_line' id='line_1_36' title="bbox 239 4025 1272 4130; baseline 0.011 -40"><span class='ocrx_word' id='word_1_219' title='bbox 239 4029 342 4108; x_wconf 71' lang='lat' dir='ltr'>quart.</span> <span class='ocrx_word' id='word_1_220' title='bbox 358 4025 429 4112; x_wconf 74' lang='lat' dir='ltr'>fera</span> <span class='ocrx_word' id='word_1_221' title='bbox 439 4035 601 4116; x_wconf 79' lang='lat' dir='ltr'>orrrurajua</span> <span class='ocrx_word' id='word_1_222' title='bbox 616 4029 700 4098; x_wconf 76' lang='lat' dir='ltr'>irater</span> <span class='ocrx_word' id='word_1_223' title='bbox 716 4037 906 4123; x_wconf 68' lang='lat' dir='ltr'>aSclrrfflaro,</span> <span class='ocrx_word' id='word_1_224' title='bbox 924 4063 1077 4130; x_wconf 76' lang='lat' dir='ltr'>matresque</span> <span class='ocrx_word' id='word_1_225' title='bbox 1090 4063 1157 4128; x_wconf 76' lang='lat' dir='ltr'>ejus</span> <span class='ocrx_word' id='word_1_226' title='bbox 1170 4057 1272 4108; x_wconf 76' lang='lat' dir='ltr'>rrruu</span> 
     </span>
    </p>
   </div>
   <div class='ocr_carea' id='block_1_5' title="bbox 0 0 1282 4742">
    <p class='ocr_par' dir='ltr' id='par_1_8' title="bbox 0 0 1282 4742">
     <span class='ocr_line' id='line_1_37' title="bbox 0 0 1282 4742; baseline 0 0"><span class='ocrx_word' id='word_1_227' title='bbox 0 0 1282 4742; x_wconf 95' lang='lat' dir='ltr'> </span> 
     </span>
    </p>
   </div>
  </div>
 </body>
</html>
