2556 4742
265 165 373 250 uus
398 171 701 252 runcantur.
941 185 1008 278 1'91

19 355 80 431 nrt,
104 339 285 441 audiant„
301 344 497 436 olfaciant,
522 345 603 420 sunt
624 343 795 440 predita,
821 345 1014 442 perfessio-

19 437 92 512 rasnt
114 440 216 529 aliis,
243 463 321 532 que
346 441 473 516 iisdem
497 441 739 518 destituuntur
760 445 1012 523 facultatibus:

19 535 170 708 {wc
190 537 354 634 resposiu
372 539 613 646 Quadrupeda
637 541 745 614 nobis
762 542 916 619 audiunt
934 567 1013 665 per·

54 767 119 842 Hac
140 769 214 864 ipsa
241 764 602 872 QUADRUPEDA
625 751 864 842 diversmode
884 765 919 842 se
940 765 1014 842 sua·

19 885 51 950 ,ra
70 883 203 954 curant,
241 865 451 940 sollicitudo
475 866 557 955 illa,
595 885 665 960 qua
686 853 797 940 'soetus
825 864 907 940 suos
929 865 1014 940 edu·

19 979 66 1050 aar,
85 985 146 1058 qua
162 965 338 1038 alimenta
353 975 586 1056 comparant,
613 963 725 1037 vitam
742 976 920 1054 tutantur,
945 965 1012 1038 ho·

19 1055 164 1136 lanciunt
179 1063 244 1134 vel
267 1059 520 1156 agrediuntur,
547 1059 705 1150 erratio,
735 1083 803 1154 qua
818 1063 894 1135 hac
907 1074 1015 1154 atque

19 1155 62 1244 lia,
80 1177 148 1250 qua
165 1159 210 1230 ad
227 1159 471 1233 oeconomiam
494 1156 648 1250 ipsorum
666 1155 844 1250 spellam,
872 1157 1015 1254 perlici-

19 1269 55 1340 nt,
74 1257 153 1328 adeo
168 1255 205 1330 in
222 1255 336 1328 variis
354 1253 405 1328 est
417 1256 532 1344 varia,
555 1269 597 1329 ut
615 1276 662 1328 ne
679 1251 925 1350 liupidisfimus
937 1256 1015 1348 qui·

20 1371 72 1436 en,
96 1353 153 1428 nifi
175 1353 314 1426 summa
347 1375 428 1426 cum
460 1351 720 1443 admiratione,
759 1353 943 1427 instinstus
972 1375 1015 1427 ae

19 1465 84 1520 rores
94 1451 291 1525 eorundem
309 1451 485 1544 pensitare
501 1449 616 1544 poffit.
667 1448 765 1524 Hinc
782 1449 1016 1525 mirabundus

20 1545 160 1639 ndignatus
184 1545 262 1622 sum
277 1547 461 1622 scientiam
479 1549 585 1637 hanc,
613 1567 691 1641 que
709 1569 767 1621 res
783 1547 909 1622 tradat
925 1550 1015 1622 mul·

19 1643 264 1720 ururiofiisimas
287 1645 322 1718 dr
344 1643 606 1736 amoeniffimas,
634 1667 711 1739 quae
733 1645 1016 1740 sapientissimam

19 1735 203 1830 'apientiffimi
239 1743 457 1818 Conditorie
486 1741 749 1820 iustitutionem
779 1765 847 1818 nos
876 1747 1015 1816 condo·

19 1851 59 1924 nt,
83 1840 140 1914 else
164 1843 285 1916 adhuc
308 1841 347 1916 in
372 1841 510 1916 illarum
539 1863 714 1934 numero,
745 1863 831 1936 quas
856 1841 1015 1916 dilucide

19 1933 83 2008 uuus
98 1941 275 2034 exposcar
294 1936 385 2030 effe,
411 1938 513 2017 dolet
524 1959 638 2034 genus
654 1937 859 2018 humanum.

59 2089 225 2169 Historiam
256 2092 402 2189 quidem
432 2091 654 2169 Animalinm
677 2089 924 2166 Accianum
952 2089 1015 2166 du·
1126 2095 1141 2132 ²

21 2179 187 2290 duullagni
215 2191 469 2266 munificentia
509 2189 686 2264 elaborari
717 2203 869 2282 coeptam
898 2185 1015 2280 fuisse,

21 2279 161 2372 siccante
174 2291 271 2386 jutta
288 2311 308 2363 a
323 2287 577 2383 Theophrasto
593 2285 787 2360 Botanices
804 2285 1019 2360 fundamen·

20 2390 51 2466 n,
66 2405 116 2460 uon
130 2383 326 2476 ldiffiteor,
362 2402 520 2461 attamen
545 2385 612 2461 vix
634 2385 740 2480 digna
766 2383 923 2477 judicata
938 2379 1016 2476 est,

21 2495 60 2564 lue
76 2481 102 2555 ir
124 2485 355 2560 scientiarum
377 2505 567 2560 numerum
594 2483 638 2555 ab
659 2481 809 2556 eruditis
836 2479 1017 2574 recipere·

21 2591 60 2682 {li
80 2578 106 2650 a
125 2585 239 2675 jacuit
264 2583 362 2672 sere,
387 2603 501 2675 usque
526 2602 598 2674 quo
624 2579 779 2655 seculare
804 2577 893 2654 illud
915 2579 1015 2674 inge·

22 2691 82 2770 ltu,
103 2679 324 2770 Gnsnnuns,
344 2679 382 2754 in
402 2679 586 2768 Helvetia,
611 2676 720 2774 ipsam
736 2677 773 2751 in
793 2679 911 2750 lucem
929 2697 1015 2770 pro·

23 2787 98 2864 met,
125 2777 156 2850 dc
175 2777 389 2854 hominibus
408 2777 529 2852 denuo
546 2789 763 2890 exponeret,

55 2921 194 2998 diliduus
226 2927 288 3000 ille
318 2923 428 2998 Italus
451 2921 797 3024 Arnnovannus,
817 2931 891 3023 9¹¹⁰
922 2909 1015 2984 hanc

24 3013 141 3096 lentiam
159 3023 422 3117 locupletaret,
450 3019 600 3112 collegit
623 3009 825 3120 incredibili
844 3027 946 3102 paene
966 3007 1016 3118 la·

25 3133 64 3184 arc
81 3121 215 3211 omnia,
255 3143 333 3214 quc
362 3119 407 3192 de
434 3114 674 3191 animantibus
697 3105 866 3216 indagare
890 3115 1016 3216 potuit

26 3229 254 3309 immemorata,
281 3237 353 3310 quo
369 3233 487 3290 tamen
502 3213 578 3307 ipso
593 3223 731 3284 tantum
751 3203 879 3314 absurt,
907 3215 1015 3280 utrm

27 3325 75 3398 tna
93 3315 304 3388 conderetur
325 3312 495 3403 scientia,
528 3323 570 3384 ut
593 3305 717 3402 potius
742 3303 932 3398 plurimum
959 3321 1016 3372 ce-

27 3407 72 3504 ruit
87 3410 306 3502 detrimenti,
332 3431 411 3486 cum
431 3409 561 3484 sabulis
579 3419 742 3480 veterum
768 3418 811 3470 ac
834 3415 1016 3472 commen·

28 3515 112 3580 'luta
127 3524 258 3604 quanta
274 3508 546 3582 deformaretur.
599 3501 704 3577 Hanc
723 3497 831 3570 talem
846 3493 1017 3606 Jousro·

29 3609 64 3666 m
73 3607 195 3694 quidem
215 3607 367 3700 suscepit
384 3601 656 3702 repurgandum,
681 3589 872 3703 iterumad
890 3591 1019 3688 Augrae

29 3685 142 3778 saidam
164 3703 426 3800 repurgandum
448 3723 525 3793 non
549 3699 733 3798 Pygmaeus
763 3688 926 3788 quidem,
957 3687 1017 3764 sed

30 3781 144 3878 Herculea
156 3803 412 3898 requirebatur.
508 3875 517 3890 ,
645 3809 648 3814 ’
994 3905 1016 3983 S
