2556 4742
259 196 329 270 160
520 188 720 268 CERVUS
748 185 1045 267 TARANDUS.

716 389 748 478 §-
797 383 858 458 Χῖ.
1049 403 1080 498 ι
1203 464 1209 476 .

626 517 971 598 enormius·

179 705 183 746 z
352 658 388 734 A
407 657 500 734 festo
523 656 826 747 Matthaeiusque
848 655 891 728 ad
906 653 1145 746 Michaelem‚
1169 659 1270 732 veneri

249 757 409 836 ‚militant
435 755 643 851 Rangiferi,
676 775 748 846 quo
770 751 935 846 tempore
972 767 1091 824 cutem
1120 753 1270 848 deponunt

257 877 397 934 cornua
419 854 628 950 &graviter
649 850 785 926 feriunt
800 851 1010 932 Rhenones.
1070 850 1168 944 Saepe
1190 873 1270 946 usque

257 977 306 1030 eo
322 952 490 1049 procedit
507 949 636 1040 libid0,
657 962 700 1021 ut
717 949 783 1021 bac
801 946 975 1034 exhausti,
993 948 1110 1020 macie
1128 950 1222 1042 plane
1234 971 1270 1022 ex·

258 1049 442 1126 tabescant
469 1047 786 1138 &nonnunquam
815 1043 900 1118 inde
929 1045 1141 1118 moriantur.
1188 1045 1270 1120 leni·

257 1173 314 1224 nae
328 1149 483 1241 majores
502 1145 723 1220 &fortiores
739 1164 854 1216 mares
871 1163 943 1234 prae
954 1143 1086 1215 ceteris
1100 1143 1270 1232 admittune

258 1246 304 1321 ad
321 1267 386 1319 eos
404 1245 592 1338 aufugiunt
609 1265 629 1315 a
642 1233 846 1336 junioribus
863 1238 1024 1334 agitate,
1042 1239 1105 1333 qui
1119 1241 1184 1316 hos
1197 1241 1226 1314 in
1238 1239 1270 1312 iu·

256 1366 338 1444 gam
355 1342 570 1436 conjiciunt.
610 1339 730 1412 Primo
748 1357 845 1410 auno
869 1357 984 1410 mares
1007 1338 1105 1416 haud¹
1124 1340 1270 1434 pationnu

257 1441 425 1530 feminae,
441 1459 523 1511 raro
541 1436 719 1524 seeundo,
740 1433 865 1528 postea
881 1455 972 1507 vero
987 1437 1190 1528 quotannis.
1221 1435 1270 1506 Ne·

249 1561 330 1634 ‚que
345 1537 514 1611 antehoc
530 1549 671 1626 tempus
683 1531 826 1606 seminis
840 1531 874 1604 se
890 1533 1039 1628 jungere
1053 1555 1167 1608 mares
1178 1533 1270 1607 solent

250 1635 455 1736 ¹Tricesrma
474 1630 580 1705 tertia
599 1629 681 1724 post
698 1628 919 1724 congrellum
933 1630 1176 1722 hebdomade,
1197 1629 1225 1702 id
1240 1625 1270 1702 el

259 1733 358 1808 circa
372 1731 466 1804 diem
484 1728 581 1802 lirici
607 1729 642 1801 in
665 1729 768 1821 Majo
786 1726 881 1822 parit
895 1726 1049 1820 femina,
1074 1729 1164 1804 dnos
1182 1727 1270 1821 sepius

251 1830 399 1905 ¹vitulos
416 1826 582 1922 quolibet
598 1839 714 1920 partu.

356 1947 479 2022 Mares
501 1966 662 2041 magnam
688 1957 846 2039 partem,
869 1943 952 2020 dum
970 1945 1087 2020 adhuc
1109 1945 1270 2022 teneriores

260 2045 411 2134 fuerint,
425 2043 579 2118 castrant
591 2043 785 2138 Lappones
798 2043 869 2116 hoc
885 2043 1015 2118 modo:
1038 2046 1214 2138 postquam
1228 2039 1270 2124 ires

260 2145 351 2220 nulo
376 2165 440 2218 eos
466 2143 645 2237 ligarunt,
672 2139 827 2214 scrotum
856 2141 1024 2214 dentibus
1053 2143 1228 2228 mordent,
1247 2147 1270 2210 ut

260 2242 532 2318 contundantur
551 2237 730 2328 testiculi,
752 2236 877 2332 postea
894 2239 987 2313 inter
1005 2240 1140 2334 digitos
1158 2261 1213 2312 eos
1225 2257 1270 2308 na

260 2342 316 2438 gis
341 2340 525 2435 magisque
552 2337 694 2410 interne
721 2337 993 2424 comminuunt,
1028 2338 1269 2424 nannenus

260 2460 339 2514 non
365 2438 576 2509 vulneretur
605 2432 774 2508 scrotum.
831 2433 1034 2529 Rangiferis
1061 2438 1112 2508 ita
1135 2429 1269 2514 castratis,

261 2535 323 2629 qui
344 2533 492 2624 reliquis
512 2529 734 2605 robustiores
755 2532 938 2622 evadunt,
962 2533 1004 2604 ad
1023 2531 1184 2608 veouras
1201 2543 1269 2602 unn·

261 2645 323 2706 tur
341 2630 571 2724 demigraturi
587 2628 782 2722 Lappones
800 2651 881 2702 cum
898 2629 1032 2702 familia
1050 2654 1070 2702 a
1085 2634 1169 2703 loco
1194 2628 1223 2700 in
1240 2625 1269 2692 ie

261 2750 357 2803 cum.
403 2726 641 2823 Pinguescuut
665 2726 723 2814 hi,
752 2728 775 2800 s1
798 2726 930 2800 celieut
949 2749 969 2799 a
989 2729 1194 2819 laboribus,
1215 2723 1269 2798 aliti

262 2825 450 2903 admiss'arii
469 2825 679 2919 plerumque
697 2824 778 2900 sunt
795 2825 1019 2923 pinguiores.

704 3025 737 3116 §.
785 3020 866 3096 XII.

675 3155 723 3232 AE
748 3153 785 3230 T
809 3157 845 3232 A
870 3158 904 3234 S.
1268 3223 1269 3232 .

357 3281 465 3361 Ultra
493 3306 609 3361 annos
633 3283 734 3359 XIV.
764 3289 826 3360 vel
857 3287 958 3362 XVI.
994 3311 1074 3364 saro
1108 3283 1268 3364 extentio:

191 3400 193 3404 '
262 3398 348 3462 aetas
376 3385 577 3459 Rhenonis.
631 3385 753 3482 Quum
769 3386 880 3479 lcirca
904 3385 1132 3466 audumnum
1163 3385 1267 3481 pingue

263 3484 361 3560 scere
380 3482 519 3576 incepit
541 3501 616 3556 mus
630 3481 731 3576 juste
748 3484 884 3575 aetatis,
907 3498 970 3558 aut
987 3485 1115 3560 sterilIs
1133 3475 1268 3558 evanue

262 3584 382 3674 mina,
400 3577 621 3670 metiantur,
645 3601 728 3653 nam
752 3581 837 3654 alias
857 3584 936 3677 lege
955 3585 1061 3676 ipsius
1083 3603 1210 3658 nature
1223 3595 1268 3670 per

263 3695 364 3754 eunt.
415 3677 472 3751 Ex
498 3677 570 3750 hoc
592 3691 664 3750 tam
689 3678 821 3773 exiguo
837 3679 935 3752 'vitae
962 3681 1143 3754 currIculo
1164 3678 1268 3751 Rheno

264 3800 351 3852 num
367 3776 473 3851 facile
489 3774 612 3870 colligi
629 3774 769 3868 potest,
791 3791 928 3868 quanto
946 3799 1069 3850 errore
1091 3793 1218 3850 veteres
1234 3767 1268 3842 iia

264 3877 403 3952 tuerint
424 3871 606 3968 Cervum,
640 3873 735 3948 inter
756 3874 880 3950 omnia
903 3875 1121 3970 animantia,
1143 3874 1268 3950 summan

1168 3981 1268 4044 etates
