2606 4748
153 183 561 264 HORTICULTURA
585 181 905 263 ACADEMICA.
980 207 1050 282 αις

50 367 176 439 tolonen
193 365 255 440 vix
273 363 455 440 sufficeret.
507 365 604 440 Editi
622 379 740 438 autem
759 361 838 437 sont
854 363 965 438 variis
984 365 1050 440 lin·

56 459 1051 637 limidi’odiiss'lilioi²iillll⁰⁸n3ii⁰nlliii?

56 575 329 742 {injuriosis
358 657 393 730 or
422 583 600 732 clo’rlinares
629 656 738 731 didas
772 649 862 754 (7);
907 655 1049 750 quidam

54 765 140 825 orum
157 756 306 828 arbores
329 753 445 832 frudiu
461 769 564 851 grato
588 755 691 828 foetas
714 743 802 852 (ὼς
837 753 897 825 alii
918 753 1049 847 Hespe·

50 849 105 922 rides
124 845 183 948 (3)
210 865 353 924 tanturn
377 852 537 927 &liores
557 852 728 926 amabiles
751 841 837 948 (8);
879 851 971 924 adeo
995 864 1049 940 ut,

44 945 155 1020 intanta
170 950 280 1042 copia
303 949 338 1022 or
361 951 538 1024 varietate
564 951 762 1038 librorum,
791 947 851 1040 qui
876 948 920 1020 ad
937 947 1050 1021 horti·

43 1045 171 1118 colonam
197 1047 404 1140 pertinent,
429 1067 495 1120 eos
518 1046 775 1134 deuderemus,
811 1045 870 1140 qui
897 1045 1051 1120 tratrem

41 1139 142 1214 Hortos
156 1143 420 1239 Academicos,
447 1145 506 1218 seu
527 1165 649 1220 curam
666 1143 868 1240 generalem
886 1143 1050 1266 omnium

40 1235 254 1426 ΜἙἪΙ.
319 1337 486 1433 Plerique
509 1337 728 1425 Hortulani‚
763 1337 823 1432 qui
852 1340 912 1413 sua
941 1337 1049 1412 nobis

44 1427 131 1524 scripta
152 1435 378 1528 reliquerunt
388 1463 410 1524 ,·
437 1437 543 1510 rudes
569 1437 671 1510 fuere
690 1449 798 1526 atque
825 1437 984 1526 indodii,
1015 1433 1050 1508 dt

47 1525 216 1622 idropartim
233 1533 615 1620 circaobseruationes
631 1531 708 1608 suas
719 1533 904 1626 speciales,
918 1531 1049 1628 partim

48 1621 106 1696 cirta
119 1629 361 1724 cognitionem
379 1630 595 1724 Empirlcam
615 1629 811 1722 urserunt,
836 1632 870 1704 oo
893 1633 1049 1726 plorum·

44 1741 89 1808 qus
106 1724 173 1812 alii,
206 1726 298 1822 sepe
319 1749 395 1802 non
416 1729 576 1822 experti,
611 1729 762 1802 aliorum
785 1727 935 1826 vestigia
955 1727 1048 1823 pres·

44 1814 141 1924 lerunt,
159 1823 414 1898 inclarescendi
427 1824 559 1920 magis,
581 1847 685 1919 quam
700 1823 752 1896 rei
766 1827 922 1919 publico
941 1823 1048 1900 inser·

44 1918 126 1988 umdi
140 1919 278 2008 studio,
303 1921 411 1996 duni.
461 1921 644 1996 Nonnulli
663 1921 774 1994 secuti
797 1923 879 1998 sunt
898 1924 1049 2024 aliarum

49 2011 641 2190 :rolusuuurull
660 2000 897 2192 trusus
913 2019 1047 2190 ltu

53 2208 188 2284 ordiens
209 2137 359 2306 {surisnis¹
381 2167 642 2310 congellerunt
696 2137 804 2286 Hincq
817 2212 947 2288 fastum
956 2140 1045 2304 pest,

52 2299 198 2394 utitientin
212 2309 292 2386 haec
309 2309 483 2386 utilillima
497 2325 605 2404 atque
620 2309 865 2403 jncundillrma
883 2313 1045 2386 omnium
1176 2342 1181 2351 ·
1244 2278 1247 2286 ¹

48 2393 159 2475 barbarie
182 2407 299 2482 adhuc
326 2409 489 2497 laboret,
526 2407 622 2500 quali
653 2407 794 2504 farrago
827 2409 1046 2504 opinionum

44 2489 113 2584 fiet,
133 2521 205 2592 qun
225 2505 376 2579 incertis
397 2507 532 2580 nitatur
547 2505 828 2604 experimentis,
860 2505 1045 2602 formisque

43 2585 233 2675 fundamentis
259 2601 484 2681 destituatur.

93 2696 121 2782 ς.
141 2695 236 2776 XIV.
300 2697 462 2796 Celebris
493 2699 555 2774 ille
579 2701 805 2778 Hortulanus
834 2701 1043 2778 Paroream

42 2775 157 2866 Mutata
174 2793 209 2868 in
230 2797 341 2884 horto
361 2795 594 2888 chelseiano,
622 2801 724 2896 iuxta
742 2799 949 2896 Londinum
967 2797 1043 2872 An·

41 2877 159 2990 plorum,
200 2893 314 2967 edidit
340 2895 651 2987 Horticulturam,
694 2919 771 2990 quae
794 2897 934 2988 hodie,
975 2915 1044 2986 qua

42 2989 173 3058 rotronem
197 2993 428 3085 proponendi
454 2995 628 3066 culturam
654 2991 1043 3088 plantarum-exotica·

42 3089 107 3186 flu,
130 3085 286 3162 censetor
309 3090 467 3184 optima;
508 3089 605 3164 unde
632 3092 740 3164 etiarn
763 3115 808 3166 ex
826 3091 980 3186 Anglica
1005 3091 1042 3166 in

46 3163 192 3271 Gallicam,
215 3185 488 3277 Germanicam,
510 3187 667 3281 aliasque
691 3189 829 3286 linguas
852 3189 903 3262 est
928 3204 1043 3262 traus-

44 3259 96 3338 lata.
134 3275 299 3356 Plurimos
315 3285 374 3358 ille
390 3286 530 3377 plantas
548 3299 688 3358 exteras
704 3285 876 3382 figillatim
897 3305 1041 3360 enorme·

47 3373 92 3448 rat,
111 3367 137 3442 dt
157 3375 281 3471 docet,
310 3381 495 3474 quomodo
520 3373 741 3476 unaqueque
764 3383 879 3456 curari
900 3383 1040 3460 debeat.
1183 3465 1193 3472 ,

48 3449 164 3544 Pictum
183 3475 252 3549 hoc
269 3475 350 3550 lane
371 3500 479 3572 opus,
500 3477 647 3572 reliquis
663 3481 831 3582 omnibus
853 3481 889 3556 in
909 3481 976 3556 hac
989 3501 1042 3554 ar·

53 3561 444 3672 tePalmaria-praeripiens,
466 3577 515 3648 ob
539 3575 689 3658 eximias
715 3577 1044 3658 observationes&

50 3639 138 3734 spectes
158 3671 468 3764 numerosrllrmas,
493 3671 556 3748 est.

98 3759 123 3862 §5
135 3759 208 3836 XV.
257 3769 544 3844 Horticulturam
564 3791 610 3842 eo
633 3773 712 3864 plus
730 3795 821 3848 curto
840 3774 874 3846 dr
892 3775 1041 3849 circum·

48 3831 187 3932 sutoro
203 3863 402 3962 postulare,
426 3887 502 3963 quo
518 3867 686 4040 ‘⁶03⁵de
700 3871 806 3952 clima
818 3871 954 3984 'irretio¹
978 3869 1041 4040 ῑίιὶὴί

54 3981 57 3994 ·
395 3987 400 3996 ·
604 3989 623 4063 3
944 3989 980 4044 ru
1016 3991 1042 4044 r·
