2606 4748
254 213 323 270 aaa
396 188 810 266 HORTICULTURA
837 192 1159 318 acnuanucn.

250 369 419 465 siquidem
445 371 576 450 bulbos
599 370 759 463 plantare
787 373 900 446 visum
926 373 1047 451 strerit.
1102 377 1184 450 Hos
1206 379 1275 452 cuin

128 487 148 584 ·.
251 491 368 544 arenae
389 468 541 541 insertos
559 468 736 561 ejusmodi
753 483 845 542 terra
863 487 984 565 tegere
1003 474 1192 548 conducit.

345 612 378 700 §.
404 605 521 680 LVII.
570 603 724 706 AQUA
739 608 782 680 ad
798 610 983 702 rigandum
1003 615 1208 706 quaerenda,
1222 639 1275 708 qua

250 709 292 783 fit
308 703 472 794 salubria,
499 707 729 796 quamobrem
747 705 973 796 adhibenoa,
1001 733 1077 802 quae
1101 714 1191 784 viva
1214 715 1275 786 dici

250 820 323 880 tur.
373 803 517 878 Fauiana
541 795 635 874 en'im
656 802 836 895 plerisque
852 805 984 898 plantis
1003 809 1111 901 nimis
1131 809 1183 882 est
1204 810 1274 905 sngi

251 905 307 978 da.
363 902 509 976 Puteolis
530 897 665 973 durior.
717 899 822 993 Aqua
838 905 995 998 ,linguans
1018 907 1210 999 putredine
1230 925 1275 980 ter

248 1023 324 1079 ram
352 995 486 1086 inlicit,
526 1018 652 1087 quam,
684 1012 812 1088 preter
831 1000 1002 1092 palustres
1027 1004 1060 1075 δι
1085 1003 1275 1098 uliginosus.

209 1189 211 1197 y
251 1099 328 1172 aIiae
342 1095 460 1168 herbae
480 1114 555 1164 non
573 1092 703 1170 ferunt.
741 1094 777 1166 Si
790 1117 882 1169 vcro
899 1099 1029 1190 plantae
1047 1101 1083 1173 in
1102 1103 1217 1186 urnis,
1233 1103 1275 1194 hy·

250 1198 366 1270 berno
383 1204 560 1282 tempore,
579 1191 771 1284 irrigentur
787 1216 878 1285 aqua
896 1197 1038 1287 putrida
1056 1199 1275 1290 soetidaque,e

250 1291 395 1388 piscinis
417 1287 658 1382 stagnantibus
681 1287 858 1378 desumta,
886 1306 979 1365 terra
1007 1293 1129 1372 induit
1152 1293 1274 1368 crustam

250 1387 442 1466 muscosam
459 1393 539 1456 cum
559 1384 797 1460 destruilione
819 1391 1032 1480 plantarum.
1070 1393 1134 1467 Ex
1154 1395 1275 1466 lacubu

250 1508 342 1562 vero
360 1485 393 1557 δι
412 1480 534 1555 fluviis
554 1481 744 1554 desumitur
765 1485 915 1577 optima.

346 1620 380 1706 §.
396 1608 531 1684 LVIII.
564 1610 663 1685 SAL
681 1614 814 1706 plantis
832 1613 1019 1690 maritimis
1037 1615 1145 1715 (34.)
1165 1631 1275 1714 aptum,

250 1713 323 1789 line
349 1732 422 1804 quo
438 1709 676 1808 marcescunt.

345 1835 416 1908 Pro
433 1832 563 1926 plantis
579 1832 724 1905 marinis
739 1825 841 1928 (33.)
864 1833 1213 1910 Amstelaedamenses
1226 1851 1275 1906 tra·

249 1936 335 2023 bes,
369 1929 581 2003 admodum
607 1930 792 2020 lintrium,
826 1949 1025 2023 excavant,
1055 1937 1187 2028 quibus
1207 1953 1275 2024 aqua

250 2033 345 2104 bene
368 2027 447 2102 salsa
464 2027 621 2119 impletis
638 2028 786 2120 xplantas
804 2029 1001 2104 commissas
1018 2034 1114 2106 alere
1135 2032 1275 2116 student,

249 2129 308 2204 sed
322 2125 490 2201 frustrato
510 2123 633 2218 saplus
654 2146 734 2197 cum
757 2123 922 2201 successu.
1274 2127 1275 2170 ³

344 2258 377 2346 §.
389 2249 483 2324 LIX.
522 2249 658 2324 Plantis
676 2263 791 2322 autem
805 2248 938 2323 Calidis
956 2253 1000 2326 H
1003 2247 1275 2326 YBERn'Acu

248 2350 322 2428 ΕΑ
345 2347 553 2444 adngnanda
578 2347 678 2434 sunt,
708 2369 784 2439 quae
809 2349 934 2420 aestivo
954 2364 1121 2442 tempore
1140 2351 1270 2424 calorem

247 2460 415 2544 augeant,
433 2445 541 2518 radiis
557 2444 727 2523 solaribus
737 2467 801 2538 per
816 2445 986 2519 fenestras
997 2446 1193 2521 declinatas
1207 2465 1268 2516 coa

247 2542 423 2642 gregatis,
449 2543 566 2616 hieme
583 2565 674 2616 vero
694 2542 804 2636 frigus
823 2560 968 2617 arceant
985 2544 1206 2632 fornacibus,
1228 2541 1269 2612 de·

161 2683 165 2691 ·
247 2641 379 2719 fesium
397 2641 527 2714 caloris
545 2640 668 2713 solaris
684 2639 1009 2732 compensantibus.
1031 2667 1035 2673 ·
1062 2643 1152 2715 Haec
1176 2655 1269 2713 autern

247 2741 448 2836 plantarum
467 2739 721 2830 Hybernacula
746 2737 783 2810 in
806 2739 874 2810 tria
890 2738 1009 2812 saltem
1029 2741 1215 2830 conclavia
1233 2733 1271 2804 di·

246 2838 324 2910 vidi
354 2837 509 2926 debent,
552 2837 592 2912 in
622 2839 807 2910 Caldarium
829 2833 985 2926 scilicet,
1030 2829 1274 2933 Teptnarnntv

246 2937 481 3034 Frigidarium.

341 3061 375 3148 §.
401 3055 476 3128 LX.
530 3053 859 3129 CALDARIUM
874 3057 1062 3130 contineat
1078 3059 1211 3152 plantas
1227 3049 1274 3133 In,

244 3159 331 3230 dicas
349 3145 438 3249 (18)
463 3152 498 3224 dt
511 3147 843 3248 AEgyptiocnr(r9);
870 3154 975 3247 hujus
993 3157 1092 3227 calor
1109 3165 1267 3242 nunquam

245 3272 326 3324 eum
342 3250 488 3344 gradum
508 3247 638 3322 caloris
659 3247 821 3342 superet,
850 3274 923 3343 quo
943 3275 1028 3324 aves
1052 3275 1125 3324 ova
1149 3249 1201 3322 sua
1221 3262 1266 3313 ex·

245 3347 415 3436 cludunt,
441 3369 508 3420 nec
534 3347 626 3421 insra
651 3345 830 3420 decimum
853 3363 1016 3441 quartum
1042 3363 1104 3421 aut
1127 3347 1265 3440 quintum

244 3445 390 3540 gradum
407 3446 537 3519 caloris
552 3443 753 3532 descendat,
779 3445 869 3518 adeo
889 3461 930 3519 ut
944 3447 1075 3520 halitus
1093 3442 1186 3519 cerni
1205 3429 1264 3530 pos·

243 3543 296 3616 fir.
347 3541 406 3614 Sic
433 3557 551 3614 autem
577 3540 816 3614 moderandus
842 3543 892 3618 est
918 3547 1038 3634 calor,
1069 3557 1109 3616 ut
1133 3531 1265 3630 tepescat

242 3651 383 3712 tantum
407 3640 573 3731 hyberno
600 3653 784 3730 tempore,
820 3641 1015 3734 &quando
1033 3623 1264 3734 tempestates

209 3768 215 3781 ·
243 3737 389 3826 nubila,
413 3758 460 3808 ne
476 3736 692 3831 vegetabilis
712 3737 876 3812 turioncs
896 3740 1082 3828 emittant5
1114 3739 1202 3833 Jove
1216 3743 1260 3804 au·

245 3847 319 3909 tem
340 3832 466 3908 sereno
488 3849 659 3930 augeatur
679 3834 791 3908 calor.

1141 3965 1172 4054 ς.
1191 3938 1261 4026 Lu.
