2602 4750
218 217 330 342 “424
454 179 457 192 ⁸
583 243 754 325 rtonn
778 245 979 329 sterne.

253 431 334 509 suas
353 433 445 507 ierat
458 413 614 529 gemmas
627 434 700 508 ssve
710 435 854 526 bulbos,
876 447 919 511 ut
934 437 1189 532 disserendis,
1211 443 1286 535 Pae,

245 531 480 626 Polygonum,
505 530 707 628 saxifragu-
1295 555 1296 558 ’

355 659 397 756 8)
431 669 581 739 llenmles
607 661 687 740 sunt
705 687 831 754 omnes
848 665 980 761 planto
1002 687 1099 742 mere
1119 669 1289 766 alpinaein

184 787 198 830 t
255 763 630 839 hortos'introduttae.

204 877 209 895 ¹
244 969 247 977 ,
351 895 397 993 9)
424 897 534 977 Extra
561 897 672 992 Alpes
702 899 827 976 delatae
851 887 983 992 planto
1011 897 1178 998 imprimis
1204 900 1287 976 locis

219 1040 223 1053 ·
258 997 432 1095 Caesnitofis
449 997 614 1092 gaudent.

355 1131 422 1219 10')
449 1135 482 1205 A
503 1133 600 1204 veris
621 1133 746 1205 diebus
771 1133 896 1208 calidis
919 1133 1157 1228 postibusque
1174 1135 1282 1230 gelidis

255 1231 503 1315 destrrruntur3
529 1230 615 1302 hinc
642 1251 758 1302 verno
783 1247 948 1323 ternpore
970 1235 1164 1325 allegando,
1188 1255 1282 1326 nsque

244 1330 338 1406 dum
358 1330 441 1424 gelu
461 1326 677 1420 nocturnum
692 1327 849 1402 cessavit.

351 1471 418 1544 Per
435 1472 533 1565 alpes
548 1469 686 1544 nostras
702 1467 942 1564 proficiscenti
960 1471 1129 1564 plurimas
1143 1481 1283 1543 contern-

253 1570 344 1666 plari
369 1570 456 1642 licet
487 1568 625 1661 plantas
651 1568 876 1662 peregrinas,
909 1591 987 1661 quae
1010 1568 1093 1658 alipr'
1121 1568 1159 1642 in
1185 1567 1284 1654 Betria

254 1666 381 1743 frustra
401 1681 627 1757 quaeruntur,
653 1665 677 1737 i.
698 1688 730 1740 e.
751 1665 891 1738 Plantas
909 1687 1006 1738 mere
1025 1665 1174 1758 alpinas.
1224 1667 1284 1738 Ho

253 1785 333 1840 rurn
352 1762 609 1858 ilcognoscere
627 1762 730 1854 cupis
751 1765 917 1850 nomina,
938 1762 1198 1854 descriptiones
1212 1762 1283 1836 &fi-

242 1870 380 1976 ¹puras,¹
406 1859 444 1932 in
467 1861 574 1932 nullis
598 1881 639 1930 ea
665 1859 744 1931 aliis
768 1861 925 1952 reperies
946 1858 1175 1952 rudioribus,
1199 1881 1283 1952 quan

253 1958 324 2046 sis,
353 1957 414 2050 qui
434 1957 562 2031 herbas
583 1958 808 2052 collegerunt
829 1957 867 2030 in
894 1956 1033 2051 alpibus
1057 1957 1168 2031 nobis
1190 1973 1283 2030 extre

253 2054 356 2144 neit,
384 2054 548 2146 quamvis
574 2053 739 2128 anostris
766 2058 894 2147 procul
921 2056 1004 2130 fitis.
1055 2053 1213 2146 Contra,
1236 2055 1282 2146 qui

242 2154 384 2229 -herbas
405 2151 594 2248 perlustrat
615 2155 652 2224 in
672 2151 879 2246 longinquis
904 2152 974 2228 illis
997 2152 1199 2228 crescentes
1215 2152 1281 2244 alpi·

254 2251 345 2339 bus,
373 2272 450 2342 quar
468 2250 552 2326 alibi
580 2251 616 2324 in
642 2247 788 2342 Europa
815 2271 892 2324 non
917 2263 1164 2345 comparent‚·
1182 2271 1281 2324 earun-

106 2431 109 2439 ,
255 2349 339 2424 dern
355 2369 516 2441 magnam
534 2361 670 2438 partem
697 2345 888 2422 in'nostris
908 2348 1047 2440 alpibus
1072 2347 1281 2442 spontaneas

254 2443 436 2537 agnoscet.
483 2441 647 2517 Tandem
668 2445 776 2518 etiarn
792 2446 974 2520 nonnullae
993 2447 1029 2518 in
1047 2443 1092 2515 iis
1107 2443 1201 2536 sunt,
1225 2465 1282 2536 que

254 2544 295 2614 in
318 2540 388 2611 illis
405 2561 479 2622 non
502 2538 828 2631 deprehenduntur.
881 2541 1027 2632 Aliquae
1042 2543 1174 2616 iterum
1187 2541 1281 2616 obvie

154 2726 158 2744 Ι
254 2636 337 2712 sunt
350 2637 387 2714 in
400 2635 782 2732 Alpibusllelveticis‚
810 2661 897 2730 quas
910 2660 985 2716 non
997 2639 1282 2716 invenirelicetin

217 2775 221 2786 ·
239 2733 411 2816 ¹Scoticis
433 2733 690 2824 authrenaeis
708 2735 740 2808 ἀ
757 2737 803 2810 irc
816 2759 941 2830 porro.
986 2735 1098 2830 Cujus
1113 2751 1230 2810 tamen
1244 2733 1283 2806 rei

254 2831 351 2908 ratio
377 2853 455 2906 non
475 2827 618 2904 videtur
640 2831 707 2904 else
729 2831 832 2922 alia,⁴
846 2834 1064 2930 quamquod
1089 2828 1221 2908 semina
1241 2832 1283 2902 ina

256 2929 369 3002 abhis
387 2928 541 3024 Alpibus
561 2929 598 3000 in
617 2945 768 3020 ceteras,
795 2951 860 3028 per
876 2931 1017 3026 longam
1031 2927 1160 3005 eorum
1178 2929 1296 3002 distas-i

256 3026 366 3116 tiam,
392 3047 468 3098 non
486 3025 590 3098 licuit
605 3027 675 3098 illis
694 3029 933 3102 transmittere
951 3030 1012 3101 vel
1033 3026 1164 3103 serere.
1213 3027 1282 3100 Cun

255 3122 366 3216 igitur
392 3121 551 3214 plurimo
579 3125 709 3214 plantae
738 3126 880 3217 Alpinae
909 3126 1069 3218 pluribus
1092 3111 1296 3201 commoneri

254 3218 323 3292 sint
340 3218 515 3312 Alpibus,
541 3220 620 3296 aliis
646 3243 734 3292 vero
761 3235 864 3296 terrae
884 3221 1068 3313 speciebus
1090 3247 1170 3300 non
1195 3225 1281 3302 iten;

254 3313 338 3392 satis
355 3315 437 3392 inde
457 3316 667 3410 perspicitur
686 3319 864 3394 rationem
887 3317 920 3392 dr
945 3319 1217 3397 fundamentum
1233 3318 1250 3394 s
1264 3315 1296 3396 li,

253 3410 392 3487 illarum
413 3413 449 3486 in
472 3413 544 3508 ipsa
564 3415 696 3507 alpium
720 3431 846 3493 natura
866 3417 996 3506 latere;
1021 3416 1105 3492 hinc
1131 3419 1182 3492 ita
1203 3436 1281 3509 argu·

200 3601 202 3608 Α
255 3525 473 3589 rnentamur:
506 3511 807 3612 Quandoquidem
836 3513 958 3586 eadem
979 3515 1028 3588 est
1050 3529 1179 3589 natura
1199 3511 1296 3602 Alpi-r

253 3626 338 3692 um,
365 3608 471 3707 inque
488 3631 529 3682 ea
547 3609 757 3682 continetur
777 3610 871 3682 ratio
889 3613 1088 3704 plantarum
1108 3615 1146 3686 in
1167 3613 1278 3684 iirere·

252 3703 447 3788 scentinnr,
487 3704 645 3798 sequitur
677 3721 717 3779 ut
741 3707 872 3781 eodem
908 3710 944 3781 in
976 3708 1118 3804 srngulis
1143 3707 1278 3784 crescere

252 3799 382 3898 possint
406 3803 556 3895 plantae:
580 3801 679 3896 Ergo
704 3826 781 3896 qno
804 3807 842 3881 in
864 3805 943 3880 aliis
960 3808 1031 3896 jam
1051 3806 1228 3890 crescunt,
1251 3801 1276 3870 in

248 3895 380 3975 nostris
396 3898 504 3988 edam
520 3897 677 3978 creseere
689 3901 845 3998 poliunt.
894 3901 1003 3982 Unde
1018 3925 1132 4000 porro
1152 3904 1275 4074 hosblw

1239 4003 1276 4068 nt
