2606 4748
242 236 313 305 224
383 205 795 288 uouucurrunu
820 140 1156 282 ncnnrurcuss
1271 165 1272 184 '

240 390 421 486 tegenda,
442 411 487 462 ne
504 387 754 462 vehementius
770 389 850 486 gelu
868 385 927 460 eac
944 388 1082 461 adurat.
1125 334 1273 476 Montpd

241 489 339 568 liensr
365 488 402 559 in
423 488 542 559 Horto
568 487 678 558 fovea
704 483 776 571 cst,
804 507 907 577 quam
927 485 1044 558 minus
1069 496 1156 574 apte
1177 471 1274 648 Lab}

241 587 400 666 rinthum
426 584 574 672 dicunt,
607 607 654 673 40
676 583 820 656 circiter
844 583 954 677 pedes
979 579 1187 675 profunda,
1219 575 1251 668 lp

244 684 333 760 tiosa
352 683 385 754 tc
405 682 514 770 sicca,
541 683 577 753 in
597 701 702 772 quam
728 679 826 752 scalis
852 681 1004 754 terrenis
1021 681 1128 771 juxta
1151 669 1275 790 qnadnd

243 800 315 862 tam
343 781 487 852 foueam
513 777 751 864 descendunt,
777 779 815 852 in
835 781 936 868 cujus
958 775 1076 850 fundo
1106 773 1159 852 est
1179 771 1275 846 tillet«

245 903 313 968 na3
341 877 377 951 in
395 877 461 948 hac
485 857 703 948 allcrvantur
721 876 851 967 plantae
869 875 1027 970 frigide,
1056 872 1211 966 alpinae,
1236 867 1276 952 tt

240 978 356 1061 lices,
383 971 471 1044 teste
499 970 552 1044 Cl.
570 971 796 1065 Sauvagesm.
1061 1031 1067 1043 .

344 1077 377 1162 §.
395 1067 527 1141 LXIV.
579 1070 891 1142 Mediterraneurum
915 1060 1005 1164 (21)
1031 1068 1067 1140 δι
1084 1064 1277 1140 Occidendi

248 1195 302 1246 um
329 1159 417 1262 (24)
450 1169 672 1258 plantarum,
707 1188 784 1256 quae
807 1166 946 1257 hyemis
966 1165 1102 1240 nostrae
1131 1161 1277 1236 sevitiam

250 1289 327 1343 non
342 1263 631 1353 facilctolerant,
651 1263 788 1336 radices
805 1264 968 1355 hyberno
982 1281 1154 1356 tempore
1166 1255 1278 1338 multoc

250 1362 438 1440 frondibus
455 1359 620 1450 Abietis‚
648 1363 708 1465 gel
726 1359 823 1452 quod
839 1361 965 1435 melius
988 1359 1063 1450 est,
1092 1357 1196 1432 fodis
1217 1373 1276 1446 qua·

250 1460 420 1538 rumlibct
438 1460 604 1530 arborum
625 1456 786 1530 deciduis
803 1471 990 1552 tegantur,
1017 1479 1065 1530 ne
1086 1459 1212 1528 bruma
1228 1447 1279 1520 illis

253 1569 396 1633 noceat.
416 1631 420 1643 ¹
447 1555 513 1626 Hae
530 1554 623 1647 apud
640 1577 708 1627 nos
726 1557 838 1628 rarius
855 1553 897 1626 ad
911 1558 1048 1649 frugem
1065 1550 1280 1649 perueniunt,

253 1677 334 1730 cum
350 1650 447 1724 aestas
468 1650 609 1725 duobus
625 1653 800 1726 mensibus
816 1653 965 1727 brevior
982 1653 1019 1726 in
1032 1649 1170 1726 nostris
1186 1643 1279 1739 tegio·

255 1753 383 1838 nibus,
408 1749 476 1821 illis
493 1771 570 1823 non
587 1747 744 1822 sufficiat.

357 1853 389 1940 §.
416 1846 528 1920 LXV.
591 1846 724 1940 Alpina
757 1839 846 1946 (ας)
878 1847 1033 1936 Planta,
1073 1843 1279 1939 quandove

256 1945 412 2040 ingruit,
438 1954 603 2038 tegantur
623 1943 710 2017 nive
732 1943 879 2038 copiosa
898 1943 1140 2018 &frondibus
1158 1935 1260 2034 pinis
1274 1973 1279 1988 ·

257 2039 515 2140 perimpofitis,
551 2054 593 2112 ut
621 2040 686 2114 nix
707 2063 810 2136 quam
827 2041 1012 2116 diutiffime
1033 2042 1141 2134 super
1162 2037 1226 2109 illis
1243 2053 1279 2106 te·

259 2141 440 2227 timeatur,
463 2137 583 2212 saltem
606 2137 747 2230 donec,
772 2140 911 2213 vernali
939 2155 1129 2234 tempore,
1163 2147 1280 2230 prater·

82 2219 95 2248 ⁸
134 2243 137 2255 '
259 2239 369 2312 ierint
387 2257 512 2309 omnes
532 2233 657 2310 nodtes
680 2237 816 2332 gelida.

358 2334 432 2407 Ubi
462 2332 592 2406 semina
616 2335 881 2428 germinarunt,
907 2335 941 2408 δι
967 2334 1087 2407 herba
1114 2319 1281 2426 longitudi-

258 2455 342 2510 nem
366 2430 467 2526 digiti
489 2432 707 2526 attigerunt,
741 2437 974 2529 transplantari
998 2429 1153 2522 debent,
1181 2441 1218 2499 ut
1237 2419 1277 2492 tl·

260 2544 421 2606 mentum
448 2525 621 2602 sufficiens
646 2530 802 2604 habeant
830 2545 937 2624 atque
963 2530 1138 2628 spatium,
1178 2525 1213 2598 in
1229 2533 1278 2612 quo

263 2627 418 2702 libenter
444 2625 613 2700 crescant.
672 2635 679 2650 ’

357 2729 391 2816 §.
417 2720 548 2795 LXVI.
598 2723 731 2796 Planta
751 2727 947 2799 Succulentc
969 2722 1160 2799 Montanae
1182 2711 1284 2792 &Ru

261 2819 396 2918 pestrcs
420 2819 521 2910 sum,
548 2821 608 2892 ubi
630 2833 724 2892 terra
746 2821 922 2902 srcciffima
943 2819 1015 2908 est,
1040 2844 1125 2894 cum
1148 2817 1196 2890 ibi
1215 2825 1284 2916 tull

263 2917 411 2993 retineri
434 2938 509 2989 non
531 2917 646 3012 possit
696 2917 850 2992 Plantari
867 2919 976 3014 igitur
997 2917 1133 2991 debent
1153 2916 1188 2986 in
1207 2923 1284 3012 umtt

265 3013 466 3090 minoribus
483 3015 516 3086 dt
534 3036 641 3108 parce
657 3014 846 3088 admodum
869 3015 998 3112 rigari,
1022 3037 1115 3108 aqua
1136 3009 1227 3084 enim
1250 3021 1284 3074 nl·

266 3113 340 3186 mia
358 3109 474 3184 adfusa
494 3111 704 3205 putrescunt
733 3114 767 3184 u
790 3113 1018 3202 moriuntur,
1043 3113 1134 3186 licet
1156 3099 1284 3204 pluviat

268 3209 406 3302 optime
423 3208 551 3280 ferant
602 3208 744 3281 Idcirco
764 3211 886 3283 virent
906 3211 982 3299 hae,
1009 3231 1072 3302 per
1090 3219 1207 3284 totum
1220 3196 1284 3290 saepl

267 3328 421 3395 annum,
446 3305 617 3396 abscillae,
642 3308 702 3378 vel
718 3305 779 3378 sub
795 3306 892 3381 teilo
913 3306 1089 3399 suspensa.

365 3410 399 3495 §.
414 3401 561 3476 LXVII.
613 3401 818 3476 Curandum
837 3426 1002 3496 quoque,
1026 3415 1069 3476 ut
1084 3406 1211 3496 planta
1229 3389 1284 3464 tin

270 3515 343 3574 tam
359 3500 504 3574 seruent
524 3514 734 3574 accuratam.
784 3503 938 3588 Planta,
966 3501 1097 3592 quibus
1118 3513 1234 3596 parum
1248 3487 1284 3560 dl*

272 3613 331 3672 tur
351 3597 533 3689 alimenti,
567 3619 687 3692 parva
714 3595 806 3671 fiunt
835 3597 869 3669 δι
897 3601 1120 3686 macilenta,
1155 3591 1208 3668 sed
1233 3585 1284 3656 illa

273 3718 372 3782 rum,
416 3716 494 3785 quae
523 3695 671 3768 nimium
692 3696 898 3788 accipiunt,
938 3695 1025 3768 folia
1051 3696 1189 3788 quidem
1213 3690 1284 3758 lum·

272 3793 390 3884 ciant,
430 3791 564 3882 florent
585 3815 676 3868 vero
702 3793 866 3888 parcius,
896 3791 1119 3889 studiumque
1141 3807 1218 3868 raro
1236 3793 1284 3852 ¹11³*

275 3902 408 3964 turant.
493 3943 496 3952 »
540 3943 543 3948 ·
1218 3935 1221 3940 -

1102 3995 1138 4085 ς,
1152 3961 1280 4061 Lxullt
