2544 4744
157 209 409 290 sanemur
434 147 857 332 usurpatorum
942 231 1021 312 51r

4 489 6 504 Ι
47 521 123 596 Sed
150 519 334 614 Empiricr
355 393 694 613 M{hic{ias'l·qmm
720 519 859 593 Medici
883 521 1023 615 prioris
1072 492 1075 502 ’

6 623 88 712 uli,
116 641 181 714 per
197 617 377 692 eruditum
391 617 542 704 fastum,
568 639 682 714 usque
698 613 790 690 ddeo
805 635 1016 694 contemne·

4 737 65 812 nt,
95 734 139 792 ut
161 717 382 810 Empiricum
405 716 438 788 dt
459 718 634 812 Agyrtam
657 717 735 811 pari
765 717 889 810 lapillo
911 733 1015 792 nota-

4 835 57 908 rt,
80 815 291 910 fimpliciori
306 815 482 888 methodo
500 828 696 902 contenta,
725 815 761 886 in
782 803 887 890 Fabri
906 819 1015 892 inter·

4 933 126 990 tuente
148 913 401 1008 proscriberet*
413 912 588 986 corticem
608 910 852 988 amarissimum
875 913 1015 1002 Chinae,

4 1029 87 1110 poto
108 1027 223 1088 totam
249 1011 350 1084 istam
371 1031 445 1084 reru
472 1025 575 1083 certo
594 1011 728 1084 certius
752 1009 1015 1108 confecturum,

27 1115 64 1186 in
90 1107 310 1206 Dysenteria
335 1105 603 1182 Rhabarbar‘um
632 1105 789 1181 rotunde
816 1109 1015 1204 ordinaret,

6 1226 44 1284 et
58 1233 137 1284 nou
164 1205 281 1281 nosset
304 1205 559 1282 rhabarbarunt
581 1205 654 1278 hoe
678 1204 802 1289 officio
829 1203 929 1304 fungi
955 1227 1017 1286 aut

6 1303 174 1382 acuafflo
199 1301 348 1378 caussam
377 1301 625 1390 morbificam;
662 1319 723 1378 aut
746 1304 852 1376 otiam
873 1307 1015 1384 Acaros

5 1404 189 1491 cidendo,
214 1403 266 1476 uti
286 1401 323 1475 in
338 1401 487 1486 Scabie;
514 1417 576 1472 aut
590 1401 749 1474 amaritia
766 1402 906 1477 acidum
922 1406 1016 1481 fran-

4 1505 99 1592 ud03
126 1515 188 1575 aut
205 1493 361 1599 deniq'pe
379 1498 628 1593 praeservando
648 1498 873 1597 aputredine
890 1505 1016 1578 amari·

4 1599 108 1692 esua,
138 1599 417 1690 similibusque..
490 1661 495 1674 .

400 1739 435 1828 s.
460 1699 571 1808 'vlu

50 1857 220 1932 Tandem
252 1855 432 1930 convenit
466 1855 561 1926 inter
595 1853 764 1929 Medicus
802 1855 1016 1952 hodiernos,
1072 1939 1073 1944 ,

4 1959 78 2048 rod,
106 1979 181 2050 quo
199 1953 351 2048 propius
374 1951 561 2026 Medicina
583 1949 766 2026 accesserit
784 1956 827 2028 ad
855 1957 1024 2034 nativam

4 2057 247 2150 uplicitatem,
274 2072 321 2124 eo
339 2050 446 2123 altius
463 2049 523 2122 illa
544 2049 668 2124 eveus
686 2063 854 2145 putetur·;
879 2073 960 2126 uam
979 2057 1016 2130 in

15 2147 413 2226 consenseruntdudum
435 2147 517 2220 Viri
537 2147 682 2224 maximi
701 2150 875 2240 nominis,
903 2164 943 2222 ut
960 2173 1017 2226 ars
1099 2145 1105 2154 ’
1263 2237 1265 2246 ‚

4 2251 142 2338 lutaris,
168 2245 264 2322 haud
283 2245 389 2319 aliter
409 2266 450 2318 ac
468 2245 698 2340 Physconum
722 2247 870 2324 scientia
883 2249 1017 2340 crevit,
1108 2265 1111 2272 ·
1132 2297 1136 2304 -

4 2349 92 2422 mite
114 2343 362 2440 experientia,
382 2341 456 2418 sola
477 2365 595 2416 rerum
618 2344 804 2438 magistra,
828 2344 1015 2424 muitetur.

5 2447 110 2520 :ilicet
139 2443 399 2517 intellexerunt
422 2441 653 2516 Medicorum
678 2441 862 2517 acutissimi
872 2493 885 2536 ,
911 2465 1017 2537 quam

6 2567 81 2617 rum
107 2543 145 2616 in
166 2541 246 2614 usus
268 2537 479 2614 communes
504 2540 730 2613 contulerint
749 2539 847 2614 casus
869 2543 1017 2615 medici-

8 2643 56 2715 les
69 2638 235 2736 praslici,
257 2638 386 2712 elibris
398 2637 600 2710 Dostorum
615 2636 819 2734 depromsit
832 2640 1018 2716 ‘nedicam

8 2761 62 2812 lam
97 2741 292 2812 abnormcs
317 2734 454 2808 suerint
483 2732 708 2827 quorundam
735 2735 1018 2832 magistellorum

12 2861 85 2910 rma
103 2835 382 2927 sesquipedales,
408 2847 450 2905 ut
468 2855 592 2905 eorum
610 2833 944 2927 argumentationes
963 2849 1027 2910 tu·-

10 2957 86 3024 ram,
115 2934 199 3026 qui,
228 2953 292 3024 per
308 2930 551 3005 indicationes
572 2931 680 3005 nimis
702 2931 884 3022 videndo,
917 2953 1019 3010 nova

11 3029 341 3124 dicsexcogltarunt
354 3029 637 3120 medicarentur
660 3029 713 3118 hi,
731 3023 893 3124 inquam,
911 3051 1030 3124 quam.

12 3131 110 3204 oleste
127 3127 238 3202 seduli
255 3125 482 3216 exstiterint,
508 3128 691 3202 neminem
711 3128 942 3202 Medicorum
963 3127 982 3204 f
1005 3171 1017 3187 ·

14 3249 47 3298 re
71 3224 212 3324 potest,
250 3224 309 3318 qui
339 3225 523 3320 ingentem
557 3225 836 3300 medicaminum
866 3229 1016 3316 molem,
1083 3260 1086 3272 ³
1191 3233 1197 3249 ⁸

14 3323 268 3418 ¹armacopoliis
289 3321 421 3397 nostris
440 3322 598 3411 illatam,
623 3321 758 3413 oculo,
785 3324 881 3418 quod
901 3325 1016 3418 ajunt,

15 3423 118 3516 gitivo
138 3420 364 3496 solummodo
384 3419 652 3514 introspexerit.

56 3521 180 3594 Restat
198 3519 307 3616 igitur
325 3519 445 3602 nobis,
470 3539 561 3611 quos
577 3519 686 3616 copia
700 3517 830 3612 inopes
848 3517 950 3607 fecit,
976 3532 1019 3596 ut

17 3619 148 3712 morrasr
166 3618 211 3690 de
228 3614 333 3714 noio
358 3616 563 3706 ordiamur,
589 3617 623 3690 dr
645 3616 909 3695 medicamenta
926 3615 1017 3713 saepe

18 3719 193 3812 gentibus,
224 3715 311 3787 alias
336 3711 545 3798 mdiilimis,
570 3727 759 3810 petamus,
789 3737 943 3810 quorum
965 3731 1017 3788 ta·

19 3833 47 3886 tn
64 3814 317 3910 intelligentia,
345 3810 456 3906 quod,
484 3810 607 3886 nescio
626 3835 672 3889 an
694 3813 745 3890 sat
763 3812 943 3887 aristodite
963 3811 1017 3886 di·

20 3931 55 4006 u,
79 3913 141 3988 vel
166 3913 205 3987 in
232 3931 279 3986 eo
301 3923 418 3986 totam
440 3909 684 3998 eruditionem
706 3909 863 4014 nostram
882 3909 1033 4086 vincite,-
1136 3973 1140 3982 .

828 4023 835 4093 J
914 4029 988 4103 quo
