2606 4748
272 229 342 322 πε
416 227 827 312 uoumcuoroua
851 207 1165 319 lenoaulcu.

368 437 403 508 4.
428 411 622 509 Depaogat
635 417 775 507 plantas
793 417 829 492 in
845 418 970 495 selet'ta
988 422 1110 512 humo,
1131 445 1226 498 arena
1238 448 1286 518 pu·

268 516 459 601 remixto,
485 533 631 586 neceas
651 512 769 588 statim
787 517 939 612 rigabit,
966 516 1021 591 sed
1046 518 1081 594 in
1103 525 1216 596 umbra
1234 521 1286 596 ser·

199 639 204 652 ·
267 613 372 689 vabit
392 630 507 702 usque
529 608 612 706 dum
628 609 831 687 adsuescant
849 617 944 705 adri,
968 640 1097 710 easque
1112 619 1227 696 fulciat
1240 641 1286 714 pa·

266 715 306 790 lo
328 733 348 786 a
368 707 489 784 radice
509 721 666 782 remoto.

308 883 321 933 ²*
352 868 399 977 ⁴5.
429 885 661 980 Vegetabilia
674 887 907 983 submorfione,
926 891 1152 982 alladorum,
1176 895 1285 967 delilro·

266 997 368 1075 tione,
392 985 553 1078 infitiare,
584 985 875 1081 circumpofitione,
899 989 1109 1090 separatione,
1126 1005 1283 1088 propaget

359 1169 394 1240 6.
418 1159 638 1236 Admtntouts
664 1161 792 1237 herbas
820 1157 1027 1244 scandentes
1048 1171 1183 1272 erigat,
1210 1167 1282 1240 debi·

263 1265 316 1343 les
339 1258 485 1350 fulciat,
514 1259 734 1334 luxuriantes
755 1277 868 1356 putet„
1172 1263 1175 1273 .

258 1481 262 1490 ·
335 1455 392 1534 'p
421 1440 542 1530 irriger
563 1435 658 1528 J'usto
680 1451 866 1532 tempore,
896 1464 970 1516 non
995 1445 1091 1518 circa
1114 1445 1275 1540 vesperam,

261 1544 325 1618 ubi
343 1538 467 1637 gelidae
485 1547 694 1608 metuuntur
710 1539 855 1629 moelem
887 1563 955 1614 nec
968 1541 1086 1616 statim
1100 1545 1180 1638 poll
1196 1557 1278 1616 aaut·

261 1637 545 1737 plantationem,
570 1645 632 1706 aut
647 1634 763 1708 media
779 1635 849 1710 die.

355 1811 460 1886 Circa
481 1816 536 1888 16.
555 1809 707 1905 Augusti
735 1814 779 1886 ad
799 1815 957 1907 ejusdem
982 1816 1117 1911 linem,
1142 1839 1185 1894 ne
1204 1820 1280 1888 rmlrr

253 1909 371 2009 ferree
386 1909 485 1982 didiae
502 1909 584 2005 gelu
600 1908 751 1982 adurant
768 1913 906 2004 plantas
928 1907 1144 2007 teneriores,
1169 1914 1222 1989 sub
1236 1915 1280 1984 dio

258 2011 466 2096 nascentes,
506 2019 696 2098 antequam
724 2005 856 2082 semina
886 2016 1147 2106 maturuerint,
1185 2011 1280 2086 sedulo

257 2106 475 2216 prospiciat,
501 2105 535 2177 u
556 2101 709 2177 cellante
730 2120 846 2183 vento
865 2121 975 2206 tegat.

353 2297 386 2368 8.
417 2284 595 2378 Vapororr'a
620 2301 720 2356 nova
744 2283 915 2378 instruat,
945 2311 1023 2381 quae
1043 2292 1200 2366 calorem
1221 2286 1278 2382 sup·

253 2383 419 2482 peditent
437 2379 623 2453 veteribus
643 2383 715 2475 jam
737 2380 1020 2477 frigescentibus.

348 2582 383 2656 9.
410 2556 570 2652 Fenellris
587 2557 737 2631 meridie
755 2562 888 2654 apertis
911 2563 1066 2636 calorem
1087 2561 1229 2658 dillipari
1246 2559 1271 2630 l·

251 2671 329 2749 nat,
355 2657 415 2750 qui
436 2655 592 2769 intensus
610 2657 755 2826 lfaederet
772 2661 1105 2831 pgantasgsglauldgt
1121 2684 1212 2831 {erg
1223 2678 1273 2828 ehu·

250 2753 1057 2962 lillilifllolivlil&alludium‚
1091 2783 1277 2962 illm

248 2951 435 3040 fenestris,
469 2972 506 3023 m
532 2947 663 3042 plantis
689 2947 854 3040 diclinis,
890 2950 1133 3050 adspergeudo
1164 2947 1277 3048 pistillo

247 3052 394 3146 pollen,
421 3046 516 3120 utin
537 3046 801 3137 Momordicis‚
827 3045 1034 3140 politioris,
1064 3049 1248 3146 Jatroplris.

345 3248 401 3298 10.
426 3224 585 3298 Hortum
605 3225 711 3315 etJ'am
733 3249 862 3299 ornare
881 3225 967 3306 sciat
988 3231 1079 3303 areis
1102 3233 1219 3324 pulcre
1234 3245 1276 3296 or·

245 3323 380 3398 dinatis
406 3339 511 3414 atque
540 3321 578 3396 in
605 3325 739 3416 agellos
770 3337 928 3414 aquator
954 3325 1096 3415 divisis,
1123 3328 1275 3414 Buxoqoe

243 3422 475 3515 marginatis,
509 3442 577 3494 uec
608 3443 683 3494 non
713 3420 825 3494 deuiis
849 3420 989 3516 sepibus
1015 3427 1116 3498 varia
1142 3438 1213 3496 arte
1232 3437 1275 3490 to·

242 3519 356 3616 piaria
383 3517 641 3592 circumtonsrs.
692 3518 783 3590 Vias
806 3540 951 3612 quoque
973 3521 1142 3610 latiores,
1173 3521 1274 3613 planas

241 3619 276 3691 u
295 3639 403 3690 arena
421 3615 605 3690 contritas
622 3633 743 3710 paret,
768 3615 801 3686 u
821 3618 1023 3690 ambulacra
1043 3619 1205 3692 instrutio
1224 3615 1274 3688 ser·

241 3729 304 3788 vet
326 3715 475 3805 aequalia
501 3713 533 3784 ἃ
558 3733 658 3804 pura.
711 3713 899 3785 Autumno
920 3714 1072 3802 semina,
1101 3717 1160 3788 ubi
1182 3730 1273 3786 matu·

239 3827 410 3905 ruerunt,
434 3811 604 3906 colligat,
632 3822 821 3902 antequam
840 3811 975 3907 frigore
992 3815 1192 3887 adurantur.

1034 4027 1069 4116 §-
1093 4011 1266 4096 txuuu.
