2690 4722
269 211 318 284 σο
557 170 710 286 cauis
725 210 1055 318 paululans:

268 383 392 475 doque
405 384 504 460 illum
523 389 756 464 annunciant.
815 393 912 468 illua
932 402 1004 471 itin.
1034 397 1162 474 Tortl.
1188 415 1230 500 p.
1243 405 1332 492 465.

265 480 378 574 Apud
400 505 495 574 nos,
529 485 668 560 Matres
694 488 930 582 familiarum,
968 516 1015 569 ex
1035 493 1174 572 Canum
1203 501 1333 572 multo

267 579 425 692 latratu,
449 579 482 654 se
505 582 602 673 polle
626 584 819 660 vaticinari
841 591 1015 684 credunt,
1039 593 1137 687 quod
1160 596 1334 693 peregri-

266 697 336 750 nus
352 680 860 857 flissigggeggiiuinsffinsula
887 785 979 879 Juan
1008 787 1225 864 Fornandez
1265 811 1330 882 ap·

265 871 420 966 pellata,
445 895 552 948 canes
568 878 826 970 plantaverunt
839 880 884 955 ad
899 882 1032 977 Capras
1050 885 1330 980 exstirpandas,

266 985 416 1062 quarum
442 971 556 1045 caussa
580 973 701 1047 hostes
727 976 820 1052 hanc
849 979 996 1058 insulam
1022 982 1178 1070 invisere
1202 1006 1333 1080 coepe·

265 1077 362 1141 runt.
419 1069 516 1158 turra
539 1077 616 1148 rain.
651 1074 754 1150 ml.
773 1093 880 1171 pat.
929 1155 933 1162 ,

509 1307 515 1316 ,
699 1212 884 1320 §.xvi

629 1340 942 1420 mount.

365 1458 481 1533 Morbi
501 1454 640 1530 Canum
663 1457 776 1545 varii,
810 1457 982 1552 precipui
1005 1479 1096 1532 vero
1119 1458 1226 1534 sunt:

347 1555 518 1650 'Alopecia
534 1555 567 1626 ἀ
584 1557 731 1640 Scabies,
757 1552 843 1629 dum
864 1554 897 1629 se
922 1555 1032 1650 ipsum
1050 1554 1152 1650 supra
1172 1555 1326 1634 dorsum

263 1652 444 1737 comedit,
482 1651 553 1724 hoc
585 1651 749 1746 inprimis
779 1651 845 1744 fit,
874 1653 958 1726 dum
989 1655 1210 1745 permultum
1246 1656 1326 1730 edit

264 1751 404 1838 carnis,
429 1747 506 1823 fieri
525 1770 669 1841 quoque
688 1749 833 1839 dicitur,
853 1748 876 1824 fi
896 1750 1099 1846 sanguinem
1118 1752 1325 1828 humanum

261 1849 422 1934 hauriat,
455 1848 602 1920 morbus
622 1847 847 1940 frequentior
863 1848 902 1922 in
918 1847 1143 1944 Regionibus
1170 1851 1324 1946 calidis,

262 1943 478 2040 &inprimis
498 1942 559 2017 ubi
579 1966 686 2017 canes
705 1941 739 2018 se
756 1966 831 2018 non
849 1947 983 2019 lavant.

365 2043 474 2117 Tenis
490 2063 572 2116 raro
589 2053 726 2130 carent,
743 2041 825 2127 dum
840 2064 965 2135 aquam
975 2041 1152 2117 turbidam
1166 2041 1322 2121 bibunt.

359 2138 555 2215 Caritate&
577 2139 703 2233 Coplofi
721 2162 837 2214 mares
860 2140 1023 2233 inprimis
1041 2141 1227 2216 laborant.

355 2239 474 2312 Rabies
493 2257 573 2310 cum
585 2237 812 2332 Hydrrplrolrio
828 2237 879 2310 est
897 2238 1058 2327 morbus,
1085 2237 1146 2330 qui
1160 2242 1324 2332 proprie

260 2335 383 2434 generi
401 2332 543 2409 Canino
561 2335 748 2428 competit.
781 2333 809 2408 F
812 2335 979 2410 uribundi
995 2332 1101 2424 fiunt,
1128 2333 1326 2414 &notru-

258 2457 362 2525 mos,
385 2432 459 2507 five
478 2431 642 2505 homines
664 2431 737 2504 five
760 2432 926 2507 animalia
943 2431 1099 2520 fuerint,
1124 2434 1322 2526 mordent,

260 2554 338 2626 quae
351 2529 480 2602 eodem
494 2527 703 2602 inficiuntur
715 2530 866 2618 morb03
892 2530 1020 2602 mirum
1034 2529 1202 2622 profeiio
1220 2533 1324 2626 phae-

258 2647 460 2715 nomenon,
478 2625 574 2720 quod
590 2626 613 2699 fi
628 2625 755 2716 homo,
769 2629 828 2699 vel
839 2627 1005 2702 animalia
1016 2627 1097 2715 alia,
1116 2626 1322 2704 solummo-

257 2723 309 2798 do
331 2746 349 2796 a
369 2724 476 2797 dente
492 2721 601 2796 Canis
624 2723 847 2815 lacerentur,
876 2724 1005 2797 eodem
1027 2725 1242 2799 imbuantur
1259 2751 1322 2824 ge·

257 2823 344 2911 niu,
379 2834 420 2894 ut
441 2820 653 2907 mordeant,
688 2821 842 2912 latrent,
868 2822 1023 2918 linguam
1051 2822 1322 2918 exponigant,

256 2919 428 2996 anhelent
448 2918 514 2991 &e
545 2917 708 3010 adeoque
732 2919 831 3000 canis
853 2932 1014 2993 naturam
1038 2917 1170 2992 imitari
1192 2919 1321 2998 stude-

256 3033 341 3107 ant,
372 3038 449 3110 quae
474 3013 622 3088 historia
648 3037 692 3086 ex
718 3015 818 3090 libris
842 3015 997 3090 Medicis
1019 3013 1206 3091 tritiffima.
1274 3019 1319 3096 ln

253 3114 424 3188 America
440 3109 665 3185 meridionali
685 3133 791 3184 canes
809 3113 948 3186 cuidam
967 3113 1098 3186 morbo
1121 3133 1318 3208 venereo,

252 3211 405 3282 variolis
420 3209 513 3283 haud
533 3207 705 3298 dissimili,
738 3209 881 3304 subjeili
899 3209 1001 3304 sum,
1034 3209 1093 3302 qui
1112 3210 1155 3282 ab
1172 3210 1318 3289 incolis

252 3306 366 3382 Pestis
381 3307 590 3402 appellatur.
644 3304 736 3398 Conf-
767 3309 862 3381 Ulloo
884 3315 954 3382 itin.
989 3305 1075 3380 Tum.
1087 3307 1118 3380 1.
1145 3323 1291 3408 paug.

353 3405 562 3478 Exulcerntr'o
582 3403 665 3496 dorfi
688 3426 707 3476 a
728 3404 906 3497 pulicibus
921 3403 1079 3500 incipit,
1105 3403 1255 3484 demum
1275 3410 1315 3486 in

250 3503 373 3576 ulcera
392 3499 602 3575 cacoesnica
622 3501 815 3597 degenerat
830 3498 963 3576 letalia.
983 3511 987 3518 ’

348 3600 482 3696 Aturus
506 3599 574 3682 Fn,
593 3597 652 3669 Sv.
682 3619 787 3693 1193.

352 3697 554 3792 Hippobofcn
577 3695 718 3769 FuSu.
753 3715 857 3786 1043.

350 3796 458 3868 Puler
481 3792 546 3866 un.
562 3792 624 3868 Sv.
657 3812 760 3880 1171.
786 3791 935 3866 canibus
953 3811 1116 3890 magnam
1133 3793 1314 3872 adserunt

249 3891 471 3983 molestiam,
496 3903 660 3984 tempore
679 3887 843 3982 inprimis
860 3887 999 3967 estivo,
1235 3989 1261 4063 S

1265 3991 1311 4066 ed
