2726 4770
251 253 256 303 3
298 175 523 308 etanta
558 217 909 309 ouatetnatts.
1093 245 1137 328 η

67 401 177 510 vivas
194 415 442 513 cognoscant,
467 427 637 508 quantam
663 415 702 492 in
728 426 807 492 arte
823 413 1048 510 praeparandi
1066 437 1142 491 me.

67 516 275 590 dicamenta
301 514 365 592 nbi
387 533 603 607 comparare
627 513 857 593 laudabiliter
879 513 1021 606 solent,
1048 513 1144 592 &ut

68 615 163 692 banc
187 611 339 708 publico
363 609 653 686 demonstrarent
674 611 862 705 examine,
883 625 1074 706 antequam
1095 609 1142 692 ad

67 712 458 804 Pharmacopoliorum
475 709 726 788 Praefeuuram
744 710 1032 786 admitterentur.
1057 711 1141 784 Do-

66 810 218 886 lcndum
236 812 392 884 maxime
407 808 459 881 est
470 858 483 898 ‚
496 807 592 884 haud
608 829 725 902 pauca
739 808 1003 882 medicamenta
1020 810 1142 884 exoti-

64 929 112 982 ca
136 929 155 980 a
177 908 300 984 multis
318 921 418 980 tetro
436 903 588 992 seculis,
614 908 650 978 in
669 905 981 1002 Pharmacopollis
1006 906 1149 988 nostria—

64 1005 273 1092 adservati,
304 1005 349 1078 de
365 1025 522 1098 quorum
546 997 681 1102 plantis
710 1025 757 1078 ne
784 1005 968 1082 minimam
991 1005 1143 1098 quidem

64 1103 327 1200 cognitionem
349 1103 545 1188 habemus,
571 1121 640 1196 qua
658 1115 810 1197 propter
823 1125 893 1178 nec
912 1125 1034 1178 earum
1054 1103 1144 1200 Spe·

64 1203 163 1276 ciem
192 1201 438 1276 determinare
467 1199 594 1294 potui;
621 1199 689 1275 smt
716 1199 872 1294 exempli
900 1203 1007 1275 loco:
1050 1199 1142 1281 Balss

67 1301 333 1396 opobalsamum,
356 1301 517 1399 Captiva,
538 1297 783 1386 Pacuvianum
803 1299 949 1374 Gummi
972 1301 1143 1396 Myrrha,

26 1453 35 1460 =
66 1401 207 1486 uuella,
228 1399 399 1492 saginati,
422 1396 551 1484 Elemi,
565 1399 732 1482 Coronae,
752 1397 968 1486 Ammoniaci,
983 1397 1143 1494 Lignum

64 1497 267 1594 molathi,
289 1497 503 1576 Fernamluti
513 1545 526 1586 ‚
545 1494 686 1580 Rhodii,-
703 1494 849 1570 Semina
869 1497 1027 1580 Amon1i5
1053 1498 1144 1570 Faba

66 1597 219 1686 Ignatiit
253 1595 343 1668 Nux
365 1593 566 1688 Myrinam,
596 1593 943 1686 Myrobalantmndn,
971 1597 1143 1684 aelurum·

69 1697 235 1779 Chabala,
271 1699 401 1768 citrino.
453 1689 501 1765 Et
517 1711 606 1770 eum
627 1689 883 1768 medicamenti
913 1693 1048 1770 notitia
1064 1691 1144 1770 dari

67 1803 253 1884 nequeat,
291 1789 355 1864 nist
383 1787 520 1862 familia
544 1792 623 1890 elus
650 1789 692 1866 lit
717 1789 888 1888 cognitb‚
913 1813 1042 1868 omnes
1076 1811 1145 1870 eoa

67 1905 223 1986 rogatos
239 1891 425 1976 volumus,
451 1887 582 1980 quibua
607 1885 765 1982 aliquam
788 1882 1146 1985 hatum'plantarum

66 1987 200 2062 videte
223 1986 444 2082 contigerit,
471 1984 606 2078 quique
624 1985 831 2065 inscientia
844 1987 1016 2079 naturali,
1031 2009 1144 2083 quau·

70 2099 157 2160 tum
177 2083 360 2174 satiust,
382 2081 517 2164 versati
540 2080 643 2172 sunt,
671 2097 733 2182 ut,
756 2082 793 2158 ln
816 2083 963 2164 salutem
980 2107 1144 2162 commu·

75 2204 186 2269 nem,
212 2183 295 2258 huic
320 2180 374 2258 tei
401 2182 519 2254 lucem
549 2181 729 2275 quandam
755 2182 944 2264 effundere
974 2205 1050 2258 non
1088 2183 1147 2277 inq

76 2281 299 2368 termittantt
325 2301 372 2361 ne
399 2280 437 2356 in
464 2278 648 2374 posterum
668 2281 848 2374 ejusmodi
875 2281 922 2355 de
938 2281 1066 2364 lisdem
1085 2303 1145 2354 ra-

72 2391 224 2454 currant
249 2377 372 2454 dubia.
422 2377 552 2456 Mirati
576 2376 658 2454 sane
675 2380 875 2470 convenit,
897 2380 1026 2458 floren
1045 2378 1147 2476 Amfi
1170 2419 1179 2442 ·

59 2479 196 2580 stellati
221 2477 409 2570 hucusque
433 2496 454 2549 a
482 2476 585 2554 nullo
608 2475 792 2558 Botatfito
817 2475 932 2556 visum
960 2475 1052 2569 effe,
1077 2477 1145 2562 nist
1171 2521 1176 2534 ·

71 2573 175 2654 forte
193 2571 412 2672 aKaempfero
428 2569 531 2664 solo,
557 2577 663 2668 cujus
681 2589 803 2657 tamen
820 2573 957 2654 iruiiut
974 2576 1144 2670 trequen-

70 2671 204 2747 tiffime
234 2693 255 2750 a
280 2670 440 2750 Medicis
471 2672 510 2750 in
538 2669 639 2750 ulum
668 2685 837 2752 vocatur.
894 2671 980 2752 Nec
1005 2671 1144 2750 minori

69 2773 185 2865 culpa
206 2769 362 2873 accidit,
388 2781 430 2846 ut
457 2770 562 2851 nucia
580 2768 768 2868 Myrislico
789 2771 883 2863 llos,
906 2774 1011 2866 cujus
1034 2773 1145 2846 arbo·

71 2891 153 2948 rem
169 2869 203 2942 dt
220 2868 373 2946 frustum
390 2869 484 2947 bene
510 2867 733 2968 perspectum
756 2869 952 2959 babemus,
978 2889 1058 2945 non
1082 2866 1147 2944 ad·

75 2964 150 3047 nuc
173 2966 257 3046 satis
276 2965 474 3062 descriptus
491 2965 556 3057 litt
584 2978 627 3044 ut
639 2967 753 3046 inulta
768 2965 838 3044 alia
854 2966 1040 3044 reticeant

171 3080 219 3156 In
250 3081 368 3156 hocca
400 3080 627 3178 Simplicium
665 3081 926 3176 vegetabilium
958 3085 1151 3179 catalogo,
1267 3099 1274 3112 ·

74 3201 139 3256 eas
165 3179 370 3276 plantarum
392 3193 535 3274 partes,
560 3183 788 3258 minutioribus
805 3180 935 3256 notavi
949 3185 1146 3260 ratmunt·

75 3285 162 3366 bats,
179 3277 333 3370 quibua,
359 3279 432 3354 line
452 3276 607 3368 damno,
639 3291 709 3354 noe
730 3297 854 3356 catere
877 3277 978 3376 polle
1000 3281 1146 3370 censuit

76 3376 228 3452 interim
252 3397 297 3451 ea
317 3378 464 3472 penitus
482 3373 725 3476 exterminate
748 3387 854 3452 tanto
878 3376 998 3452 minua
1021 3379 1147 3471 ausam,

75 3489 220 3570 qttaoto
239 3473 425 3552 lubentius
447 3495 565 3551 meam
589 3473 657 3552 hcc
675 3473 720 3549 de
748 3493 789 3552 tt
814 3469 1029 3570 seutentiam
1053 3477 1145 3556 alio·
1175 3475 1181 3490 '

81 3593 164 3654 tum
181 3569 340 3652 censura
360 3571 558 3672 iubjieiam.
1149 3581 1152 3588 “

533 3713 687 3812 §.IV

180 3833 276 3910 Cum
312 3833 350 3908 iu
382 3789 565 3908 Colieitioue
604 3773 812 3928 §dotalitium
846 3853 1016 3910 enormes
1058 3807 1099 3909 sae
1127 3785 1153 3914 e¹

82 3955 229 4014 errores
256 3932 490 4010 committant
507 3929 824 4028 Pharmacopole,
847 3943 930 4010 utut
947 3933 1076 4013 vita&
1099 3855 1125 4008 f
1135 3974 1150 4002 0

145 4031 318 4118 Tle.
651 4025 694 4104 B‘
852 4113 855 4128 ,
1056 4031 1154 4114 uitat
