2678 4756
108 271 114 284 .
203 219 466 300 srucrrrca
493 201 887 302 cuuabcnsrum.
1008 251 1077 328 531

19 420 78 486 rtis
100 417 323 488 triumviri.-
360 411 462 486 La'nm
488 409 590 488 Hert.
619 406 708 506 Cit'ffi
726 433 785 506 73.
838 415 979 492 Gronau.
995 419 1076 516 flor.

19 517 209 604 saginas.
272 509 439 582 Decodio
455 509 584 602 hujus,
612 509 649 582 in
668 510 815 582 modum
838 509 998 585 Lobeliae
1016 536 1077 606 pa·

19 623 96 700 ato,
123 621 260 680 totam
277 607 469 701 peragebat
483 603 707 680 curationem
721 604 828 680 suam.
871 607 1078 695 Decodium

20 703 118 777 sthoc
138 703 295 776 coloris
311 705 407 778 rubri
427 702 492 794 est,
517 702 625 778 instar
636 701 828 797 sanguinis.
879 704 941 777 Sin
957 721 1078 782 autem

19 803 151 876 norbus
172 802 295 874 nimis
314 800 530 890 invaluerit,
557 798 738 876 sumantur
754 799 970 874 RADICES
987 799 1079 878 Rubi

19 903 90 972 auia
116 903 302 986 omenta,
336 895 430 990 foliis
453 906 599 972 temnis.
650 897 754 973 Liun.
773 901 852 998 flor.
882 901 975 974 Suet·
989 923 1075 993 410.

19 997 143 1088 sieque
163 995 363 1089 prioribus
379 993 605 1074 misceantur.
896 1025 901 1035 ·

94 1131 290 1210 Praeterea
303 1135 539 1232 contingebat
555 1135 642 1210 mihi
659 1134 757 1211 nosse
779 1136 986 1228 hominem,
1011 1137 1076 1234 qui
1106 1227 1109 1232 ¹

19 1249 86 1309 nte
99 1235 257 1324 aliquot
271 1255 385 1308 annos
399 1234 629 1307 laboraverat
650 1233 722 1307 hoc
735 1236 866 1308 morbo
882 1235 975 1312 haud
989 1259 1075 1330 pro·

19 1335 61 1404 :ui
88 1335 131 1405 ab
151 1329 372 1408 discrimine
390 1331 498 1420 vitre,
522 1329 562 1403 ‘at'
581 1339 655 1424 ope
677 1330 763 1404 sere
787 1332 969 1423 cujusdam
995 1354 1073 1427 mu.
1177 1393 1180 1406 .

20 1429 99 1502 ieris
127 1427 303 1524 perfecte
326 1427 522 1505 restitutus.
583 1425 620 1504 Is
646 1425 844 1527 adhucdum
867 1428 1077 1505 servaverat

19 1527 235 1618 nanipuium
272 1525 454 1616 radicum,
491 1545 571 1600 cum
599 1523 700 1600 soliis
732 1524 975 1616 radicairbus,
1008 1527 1076 1602 sibi

19 1643 77 1694 um
94 1623 329 1711 salutarium,
357 1643 457 1716 quas,
484 1623 566 1695 dum
589 1621 824 1716 inspexeram,
850 1629 1074 1698 omnes'me·

19 1733 153 1794 moratae
183 1719 355 1792 Lobeiiae
377 1714 445 1794 csse
469 1722 675 1814 apparebat.
726 1719 849 1814 Atque
875 1721 931 1795 his
950 1721 1074 1796 herbis

19 1837 103 1908 eque
123 1817 290 1912 insignes
304 1815 555 1910 stupendaque
567 1817 775 1892 curationes
793 1817 962 1891 institute
976 1817 1072 1919 sunt,

19 1934 226 2008 reunquam
250 1915 460 2001 Mercurio,
486 1913 597 1986 saltim
620 1935 700 1988 cum
720 1935 766 1988 eo
781 1913 1003 2004 discrimine,
1028 1929 1074 1990 ut

19 2008 165 2084 ferorum
191 2011 364 2086 medendi
392 2012 488 2084 ratio
506 2031 687 2103 nunquam
710 2011 747 2084 in
766 2011 964 2104 periculum
983 2013 1072 2086 vite

20 2122 181 2198 egrotum
200 2123 331 2184 vocet.
382 2107 442 2180 Sie
466 2107 562 2181 enim
583 2107 718 2180 nulium
737 2101 992 2206 Amdricanum
1016 2110 1070 2182 se·

19 2224 86 2278 rum
108 2205 180 2280 hac
206 2207 271 2278 lue
295 2203 420 2278 obiisse
444 2225 598 2298 unquam
628 2204 773 2294 audies,
809 2225 878 2278 nec
910 2202 1072 2298 suppetit

21 2301 117 2374 ullum
139 2305 351 2396 exemplum
377 2303 540 2397 egroti,
556 2301 819 2394 quantumlibet
842 2302 914 2374 hoc
932 2303 1074 2374 morbo

24 2394 163 2490 depasti,
195 2401 263 2474 sub
289 2401 478 2473 curatione
502 2399 579 2472 vita
607 2397 786 2492 defuncti,
813 2419 931 2492 neque
956 2401 1072 2476 ullum

27 2489 214 2572 incuratum
244 2495 366 2572 abiisse
384 2496 549 2570 meminit
575 2496 773 2590 quisquam.
833 2495 997 2572 Tandem
1019 2519 1068 2574 ex

25 2587 103 2681 iilis,
132 2595 222 2688 qui,
257 2595 413 2668 dolenda
436 2587 540 2682 vice‘,
573 2599 760 2686 utramque
785 2593 928 2671 sanandi
953 2595 1068 2687 viam,
1172 2589 1176 2614 '

23 2705 137 2782 nempe
164 2692 383 2781 Mercurio,
421 2684 483 2764 iut
507 2687 688 2764 hiscemea
706 2691 826 2764 herbis
855 2693 1068 2766 reconvale-

24 2779 156 2878 scendi,
181 2791 328 2884 experti
344 2787 443 2876 sunt,
469 2785 645 2880 affirmant
663 2788 889 2864 curationem
911 2788 1067 2882 perher-

27 2875 98 2974 διε,
119 2887 224 2960 alteri
243 2888 359 2962 multo
374 2883 550 2980 prestare.
821 2901 825 2912 ·
918 2911 920 2914 ·

110 3023 189 3124 Ego
222 3047 341 3142 vero,
378 3043 587 3138 quamquam
620 3024 755 3100 fince're
785 3039 989 3142 optavero,
1025 3021 1067 3144 ut

26 3121 1090 3319 turbidissimi?*fttbssrbssbsstsis1

27 3315 187 3410 partium,
218 3321 354 3412 quippe
370 3313 531 3392 historici
558 3317 751 3404 naturalis,
776 3317 845 3392 esse
864 3320 972 3410 duxi,
998 3322 1064 3395 has

28 3405 139 3486 herbas
155 3437 240 3492 cum
261 3415 324 3494 usu
340 3413 402 3488 suo
421 3416 590 3511 vulgare,
619 3412 745 3508 quain
765 3435 825 3506 re,
850 3417 873 3491 sr
891 3417 975 3510 quid
996 3419 1062 3492 mi·

31 3503 89 3578 tius
109 3529 168 3587 aut
186 3515 306 3588 lenius
324 3513 585 3606 protraxerim,
612 3531 714 3604 quam
736 3511 773 3584 bi
795 3513 890 3586 sorte
911 3517 1062 3606 vellent,

35 3603 154 3697 quipro
169 3611 489 3708 nefando‘morbo,
517 3608 561 3682 ad
575 3621 748 3682 terrorem
764 3611 930 3702 aliorum,
954 3631 1064 3688 omne

32 3705 207 3806 temedium
235 3705 349 3782 exesse
372 3709 566 3800 juberent,
589 3707 730 3798 J'uvabit
748 3719 865 3780 tamen
887 3709 974 3783 &in
987 3733 1062 3786 me-

36 3791 116 3870 drum
136 3803 366 3892 consuluisse,
392 3803 446 3892 dt,
472 3803 519 3896 st,
543 3803 605 3896 qui
624 3805 717 3876 nulla
735 3805 909 3898 cuipasua
928 3809 1067 3903 pestem

34 3885 112 3969 hane
132 3899 194 3978 iibi
222 3901 489 3996 conduxerint,
527 3901 611 4074 vlitle
640 3899 848 3985 miserorum
876 3903 1085 4075 bertingam,
1137 3923 1147 3972 r

486 4055 493 4062 .
619 4019 640 4074 a
971 4000 1063 4080 ase·
