2604 4736
438 177 639 304 QVIS.
717 170 757 213 '¹
859 139 863 152 ⁸
991 167 1110 274 175'

18 371 35 450 i.
50 371 272 464 Michaelis,
294 381 338 448 ut
353 391 473 450 verno
490 384 655 466 ternpore
672 371 770 446 enixi
789 372 877 466 pulli
893 391 975 449 non
982 395 1057 470 gra·

18 471 92 544 riori
114 469 352 546 adflidlentut
365 469 512 566 frigore.
550 469 658 544 Unus
671 490 746 542 mes
764 468 894 570 uiginti
912 471 1058 548 seminis

18 566 138 644 sufficit.
197 565 360 662 Tempus
390 566 615 666 grauidimtis
641 588 707 662 per
735 587 805 656 150
832 565 909 642 dies
932 569 1057 657 durat3
1114 631 1118 640 ,

18 687 71 758 pun
88 663 306 753 transadio,
332 685 423 738 oves
444 661 583 738 rnsticae
601 662 725 758 saepius
740 685 873 755 unum,
902 667 1059 744 exoticae

18 783 89 836 tero
119 763 254 858 saepius
279 761 371 836 duos
396 762 543 855 pariunt
564 761 690 848 soetus;
725 761 764 835 in
788 761 939 837 Batauis
966 763 1058 858 saepe

18 879 70 934 res
93 858 133 933 dt
156 873 337 954 quatuor,
360 857 421 932 ubi
446 858 541 933 illius
558 857 786 952 reperiuntur
801 861 1057 956 magnitudinis

18 979 114 1050 tres,
141 971 187 1031 ut
202 955 452 1050 possessoribus
469 957 585 1033 lanam
603 953 693 1049 saepe
709 954 832 1030 decem
849 958 892 1031 ad
905 951 1058 1033 sedecit'ti

18 1055 178 1130 ibrarunt
195 1053 336 1146 ferant,
358 1051 448 1128 teste
464 1055 593 1151 Ahlflr.
609 1070 645 1151 p.
658 1075 691 1128 t.
712 1057 791 1148 §.,1.

96 1192 161 1268 llli
179 1195 292 1290 pulli,
307 1194 370 1288 qui
386 1193 449 1268 die
468 1191 696 1290 anativitate
713 1194 819 1268 tertia
839 1195 937 1269 collo
953 1199 1057 1292 palli·

18 1289 46 1364 le
67 1291 298 1382 rufescente,
324 1291 408 1387 pilis
429 1290 556 1364 eredis
580 1289 808 1385 longioribus
826 1291 921 1366 inter
938 1295 1057 1372 lanam
1144 1361 1149 1376 .

18 1389 64 1462 ric
88 1390 170 1464 illic
197 1389 340 1484 sparsrs,
371 1387 557 1480 stellisque
587 1387 732 1461 artubus
758 1388 938 1482 gaudent',
968 1415 1056 1486 pre-

18 1485 200 1561 stantiores
225 1485 466 1562 communiter
484 1485 673 1558 habentur.
722 1483 839 1576 Ovis,
863 1509 940 1580 quae
963 1489 1057 1568 duos
1160 1543 1164 1560 .

18 1581 115 1657 habet
133 1606 269 1681 agnos,
291 1583 356 1661 uni
371 1585 501 1664 horum
522 1583 587 1658 vix
609 1576 721 1656 ubera
742 1584 899 1676 prabet,
926 1587 990 1660 nisr
1007 1588 1056 1662 al.

18 1693 65 1753 ter
84 1685 194 1756 etiam
211 1682 309 1756 adlit
357 1679 487 1774 'ltaque
505 1691 652 1754 mortuo
675 1682 804 1772 altero,
820 1701 867 1756 ne
882 1680 1055 1778 superstes
1163 1700 1167 1706 '

18 1777 103 1852 lame
123 1794 266 1874 pereat,
291 1777 420 1870 alium,
445 1779 580 1852 mortui
604 1789 709 1866 cute,
739 1777 854 1852 adhuc
885 1779 1055 1876 sanguine

18 1875 175 1952 madente
198 1877 232 1950 dt
257 1875 394 1967 calida,
417 1897 482 1970 per
499 1873 642 1948 nollem
663 1875 907 1968 circumdant,
929 1879 1055 1956 duma.

18 1973 60 2044 tri
84 1973 266 2064 offerunt,
290 1995 388 2070 quae,
408 1971 483 2046 doli
500 1973 645 2068 ignara,
668 1970 767 2046 illum
789 1986 830 2045 ut
847 1969 945 2050 suum
967 1977 1055 2054 alsu-

20 2069 81 2144 mit
98 2071 129 2144 da
146 2070 272 2146 nutrit.
324 2071 444 2145 Mater
470 2069 566 2144 enirn
587 2090 633 2142 ex
655 2068 771 2144 odore
791 2070 829 2146 in
856 2071 1055 2154 innumeris

26 2165 133 2244 lenm
149 2165 358 2265 cognoscit,
384 2167 556 2262 &pullus
570 2179 732 2241 matrem.
864 2255 869 2260 Ι

113 2309 265 2414 Quidam
299 2305 480 2402 pastorum
510 2305 727 2402 praecipiunt
761 2307 955 2386 colostrum
984 2313 1054 2392 effe

28 2405 280 2502 emulgendum,
305 2425 374 2495 ne,
397 2406 452 2478 uti
472 2404 622 2480 noxium
641 2402 681 2477 dr
699 2405 856 2479 ualidum
882 2431 1054 2508 purgans,

23 2503 90 2576 vim
113 2503 206 2578 suam
223 2504 261 2578 in
290 2501 505 2576 tenerrimos
526 2523 637 2596 agnos
659 2516 845 2591 exerceat3
869 2519 906 2578 at
924 2505 1055 2588 fallunt

25 2597 251 2692 &falluntur3
277 2621 361 2674 nam
381 2599 456 2674 haec
477 2600 668 2694 purgatio,
691 2599 769 2694 lege
791 2599 896 2695 iplius
916 2619 1053 2684 naturae

25 2698 231 2794 prescripta,
264 2697 309 2772 ad
337 2696 521 2770 sanitatem
550 2697 694 2770 illorum
719 2699 868 2790 multum
894 2703 1051 2783 confert.
1175 2751 1180 2760 ·

27 2793 73 2884 li,
94 2819 241 2890 quorum
264 2816 345 2870 mos
369 2793 421 2868 est
440 2815 531 2868 oves
559 2795 737 2889 mulgere,
763 2815 946 2890 agnosque
974 2823 1054 2896 non¹

33 2905 190 2984 mtemo,
218 2893 278 2969 sed
299 2892 372 2966 alio
391 2891 480 2966 labie
494 2891 656 2982 nutrire,
679 2890 723 2968 de
740 2895 938 2988 propagine
954 2897 1054 2976 bona

34 2989 125 3064 minus
141 2991 221 3066 sunt
237 2989 396 3072 solliciti.
448 2987 487 3062 N
489 2989 634 3062 ovimus
649 2986 745 3063 enim
760 2989 914 3065 uitulum
928 2995 1052 3072 alium-

32 3089 239 3181 qneloetum,
264 3087 325 3182 qui
346 3084 454 3180 ipsee
475 3087 644 3159 maternis
664 3086 896 3176 mammislac
913 3096 1051 3186 expres-
1185 3093 1189 3102 '

29 3181 77 3271 fit,
102 3185 207 3282 inque
241 3183 338 3260 suurn
370 3182 557 3258 convertit
580 3181 721 3258 succum
754 3205 795 3258 ac
830 3183 1051 3288 sanguinem,

31 3281 129 3358 alieno
145 3281 307 3358 enutrito
324 3280 461 3378 semper
480 3278 559 3355 lieri
581 3279 846 3364 robustiorem.¹

104 3423 175 3498 Ubi
192 3420 245 3496 sni
266 3419 347 3496 sunt
364 3419 453 3514 juris
468 3439 579 3510 oves,
603 3419 746 3492 aluntur
767 3441 787 3491 a
805 3432 918 3493 mane
937 3441 1052 3515 usque

37 3517 208 3616 tltenpus
225 3519 453 3608 autumnale,
476 3538 557 3590 cum
580 3527 694 3589 mater
710 3516 874 3610 pruriens
890 3517 973 3592 illos
987 3521 1051 3596 abs

38 3611 59 3684 le
72 3619 219 3712 expellit.
269 3615 324 3688 Ut
345 3627 532 3687 arceantur
556 3626 745 3688 amanum
763 3615 931 3688 uberibus
945 3618 1049 3711 pulli,

38 3723 155 3788 utuntur
169 3713 338 3788 ruricola·
358 3709 517 3805 capistris
535 3733 555 3784 e
577 3731 750 3786 mucrone
764 3711 886 3810 ligneo
901 3725 963 3788 aut
973 3715 1068 3812 pel·
1123 3742 1145 3794 Ν,

34 3803 243 3887 leErinacea
291 3809 363 3904 (It.
384 3803 601 3903 stomaro)
686 3813 690 3821 ’
850 3833 858 3854 ·
944 3853 946 3863 .

932 3950 1053 4042 nudi-⁴
