<?xml version="1.0" encoding="UTF-8"?>
<!DOCTYPE html PUBLIC "-//W3C//DTD XHTML 1.0 Transitional//EN"
    "http://www.w3.org/TR/xhtml1/DTD/xhtml1-transitional.dtd">
<html xmlns="http://www.w3.org/1999/xhtml" xml:lang="en" lang="en">
 <head>
  <title>
</title>
<meta http-equiv="Content-Type" content="text/html;charset=utf-8" />
  <meta name='ocr-system' content='tesseract 3.04.00' />
  <meta name='ocr-capabilities' content='ocr_page ocr_carea ocr_par ocr_line ocrx_word'/>
</head>
<body>
  <div class='ocr_page' id='page_1' title='image "./carolialinnequi07schrgoog_0038.png"; bbox 0 0 2726 4770; ppageno 0'>
   <div class='ocr_carea' id='block_1_1' title="bbox 317 147 1294 262">
    <p class='ocr_par' dir='ltr' id='par_1_1' title="bbox 317 147 1294 262">
     <span class='ocr_line' id='line_1_1' title="bbox 317 147 1294 262; baseline 0.013 -33"><span class='ocrx_word' id='word_1_1' title='bbox 317 149 557 256; x_wconf 73' lang='lat' dir='ltr'>censuras</span> <span class='ocrx_word' id='word_1_2' title='bbox 585 147 902 262; x_wconf 75' lang='lat' dir='ltr'>sturnorum.</span> <span class='ocrx_word' id='word_1_3' title='bbox 1067 175 1141 254; x_wconf 43' lang='lat' dir='ltr'>x27</span> <span class='ocrx_word' id='word_1_4' title='bbox 1291 226 1294 243; x_wconf 90' lang='lat'>.</span> 
     </span>
    </p>
   </div>
   <div class='ocr_carea' id='block_1_2' title="bbox 68 337 1345 2402">
    <p class='ocr_par' dir='ltr' id='par_1_2' title="bbox 74 337 1142 536">
     <span class='ocr_line' id='line_1_2' title="bbox 74 337 1142 440; baseline -0.005 -17"><span class='ocrx_word' id='word_1_5' title='bbox 74 341 248 423; x_wconf 74' lang='lat' dir='ltr'>senionis</span> <span class='ocrx_word' id='word_1_6' title='bbox 274 340 455 440; x_wconf 84' lang='lat' dir='ltr'>fastigium</span> <span class='ocrx_word' id='word_1_7' title='bbox 482 338 696 419; x_wconf 80' lang='lat' dir='ltr'>adscendere</span> <span class='ocrx_word' id='word_1_8' title='bbox 712 338 837 430; x_wconf 72' lang='lat' dir='ltr'>licuitc</span> <span class='ocrx_word' id='word_1_9' title='bbox 867 337 965 416; x_wconf 87' lang='lat' dir='ltr'>seda</span> <span class='ocrx_word' id='word_1_10' title='bbox 987 339 1142 436; x_wconf 83' lang='lat' dir='ltr'>primor-</span> 
     </span>
     <span class='ocr_line' id='line_1_3' title="bbox 79 436 1138 536; baseline 0.002 -20"><span class='ocrx_word' id='word_1_11' title='bbox 79 444 147 517; x_wconf 84' lang='lat' dir='ltr'><strong>diis</strong></span> <span class='ocrx_word' id='word_1_12' title='bbox 170 439 222 515; x_wconf 89' lang='lat' dir='ltr'>sat</span> <span class='ocrx_word' id='word_1_13' title='bbox 248 439 387 535; x_wconf 85' lang='lat' dir='ltr'>exiguis</span> <span class='ocrx_word' id='word_1_14' title='bbox 412 439 526 536; x_wconf 87' lang='lat' dir='ltr'>magis</span> <span class='ocrx_word' id='word_1_15' title='bbox 557 437 741 535; x_wconf 85' lang='lat' dir='ltr'>magisque</span> <span class='ocrx_word' id='word_1_16' title='bbox 774 436 998 516; x_wconf 91' lang='lat' dir='ltr'>incrementa</span> <span class='ocrx_word' id='word_1_17' title='bbox 1026 443 1138 534; x_wconf 87' lang='lat' dir='ltr'>cepit.</span> 
     </span>
    </p>

    <p class='ocr_par' dir='ltr' id='par_1_3' title="bbox 71 537 1243 1024">
     <span class='ocr_line' id='line_1_4' title="bbox 79 537 1140 636; baseline 0 -21"><span class='ocrx_word' id='word_1_18' title='bbox 79 542 115 615; x_wconf 92' lang='lat' dir='ltr'>N</span> <span class='ocrx_word' id='word_1_19' title='bbox 119 565 166 613; x_wconf 92' lang='lat' dir='ltr'>on</span> <span class='ocrx_word' id='word_1_20' title='bbox 186 539 309 631; x_wconf 89' lang='lat' dir='ltr'>itaque</span> <span class='ocrx_word' id='word_1_21' title='bbox 327 557 520 634; x_wconf 84' lang='lat' dir='ltr'>negamus,</span> <span class='ocrx_word' id='word_1_22' title='bbox 546 550 691 610; x_wconf 86' lang='lat' dir='ltr'>veteres</span> <span class='ocrx_word' id='word_1_23' title='bbox 713 558 814 630; x_wconf 86' lang='lat' dir='ltr'>aeque</span> <span class='ocrx_word' id='word_1_24' title='bbox 832 557 874 610; x_wconf 88' lang='lat' dir='ltr'>ac</span> <span class='ocrx_word' id='word_1_25' title='bbox 891 537 1140 636; x_wconf 86' lang='lat' dir='ltr'>recentiores,</span> 
     </span>
     <span class='ocr_line' id='line_1_5' title="bbox 78 633 1243 730; baseline 0.003 -20"><span class='ocrx_word' id='word_1_26' title='bbox 78 639 189 710; x_wconf 67' lang='lat' dir='ltr'>sartis</span> <span class='ocrx_word' id='word_1_27' title='bbox 211 636 475 712; x_wconf 83' lang='lat' dir='ltr'>calamitatibus</span> <span class='ocrx_word' id='word_1_28' title='bbox 500 633 656 730; x_wconf 81' lang='lat' dir='ltr'>psellus,</span> <span class='ocrx_word' id='word_1_29' title='bbox 691 634 833 730; x_wconf 89' lang='lat' dir='ltr'>egregia</span> <span class='ocrx_word' id='word_1_30' title='bbox 864 636 976 709; x_wconf 87' lang='lat' dir='ltr'>multa</span> <span class='ocrx_word' id='word_1_31' title='bbox 1007 633 1141 728; x_wconf 82' lang='lat' dir='ltr'>suaque</span> <span class='ocrx_word' id='word_1_32' title='bbox 1232 680 1243 719; x_wconf 61' lang='lat' dir='ltr'>s</span> 
     </span>
     <span class='ocr_line' id='line_1_6' title="bbox 74 731 1140 812; baseline 0 0"><span class='ocrx_word' id='word_1_33' title='bbox 74 757 150 812; x_wconf 88' lang='lat' dir='ltr'>non</span> <span class='ocrx_word' id='word_1_34' title='bbox 167 733 411 809; x_wconf 91' lang='lat' dir='ltr'>defraudanda</span> <span class='ocrx_word' id='word_1_35' title='bbox 424 732 530 808; x_wconf 84' lang='lat' dir='ltr'>laude</span> <span class='ocrx_word' id='word_1_36' title='bbox 544 731 719 808; x_wconf 82' lang='lat' dir='ltr'>inveniiie</span> <span class='ocrx_word' id='word_1_37' title='bbox 731 731 1013 808; x_wconf 86' lang='lat' dir='ltr'>Medicamenta.</span> <span class='ocrx_word' id='word_1_38' title='bbox 1049 735 1140 812; x_wconf 85' lang='lat' dir='ltr'>Haec</span> 
     </span>
     <span class='ocr_line' id='line_1_7' title="bbox 73 830 1141 930; baseline -0.002 -22"><span class='ocrx_word' id='word_1_39' title='bbox 73 851 221 923; x_wconf 87' lang='lat' dir='ltr'>tamen,</span> <span class='ocrx_word' id='word_1_40' title='bbox 240 832 377 906; x_wconf 86' lang='lat' dir='ltr'>Seculis</span> <span class='ocrx_word' id='word_1_41' title='bbox 394 830 577 921; x_wconf 87' lang='lat' dir='ltr'>barbaris,</span> <span class='ocrx_word' id='word_1_42' title='bbox 596 853 665 924; x_wconf 89' lang='lat' dir='ltr'>qua</span> <span class='ocrx_word' id='word_1_43' title='bbox 681 851 844 926; x_wconf 86' lang='lat' dir='ltr'>magnam</span> <span class='ocrx_word' id='word_1_44' title='bbox 862 847 1023 930; x_wconf 71' lang='lat' dir='ltr'>partem,</span> <span class='ocrx_word' id='word_1_45' title='bbox 1046 836 1141 908; x_wconf 88' lang='lat' dir='ltr'>obli·</span> 
     </span>
     <span class='ocr_line' id='line_1_8' title="bbox 71 927 1139 1024; baseline -0.001 -16"><span class='ocrx_word' id='word_1_46' title='bbox 71 931 201 1008; x_wconf 86' lang='lat' dir='ltr'>vionis</span> <span class='ocrx_word' id='word_1_47' title='bbox 219 930 373 1024; x_wconf 88' lang='lat' dir='ltr'>caligine</span> <span class='ocrx_word' id='word_1_48' title='bbox 391 927 527 1022; x_wconf 89' lang='lat' dir='ltr'>sepulta</span> <span class='ocrx_word' id='word_1_49' title='bbox 543 929 712 1019; x_wconf 89' lang='lat' dir='ltr'>fuerunt,</span> <span class='ocrx_word' id='word_1_50' title='bbox 741 929 848 1022; x_wconf 87' lang='lat' dir='ltr'>idque</span> <span class='ocrx_word' id='word_1_51' title='bbox 865 947 943 1002; x_wconf 89' lang='lat' dir='ltr'>eam</span> <span class='ocrx_word' id='word_1_52' title='bbox 962 931 1139 1024; x_wconf 89' lang='lat' dir='ltr'>imprimis</span> 
     </span>
    </p>

    <p class='ocr_par' dir='ltr' id='par_1_4' title="bbox 68 1025 1345 2402">
     <span class='ocr_line' id='line_1_9' title="bbox 72 1025 1141 1123; baseline 0.002 -19"><span class='ocrx_word' id='word_1_53' title='bbox 72 1033 123 1104; x_wconf 94' lang='lat' dir='ltr'>ob</span> <span class='ocrx_word' id='word_1_54' title='bbox 149 1027 315 1118; x_wconf 88' lang='lat' dir='ltr'>causam,</span> <span class='ocrx_word' id='word_1_55' title='bbox 349 1026 448 1120; x_wconf 89' lang='lat' dir='ltr'>quod</span> <span class='ocrx_word' id='word_1_56' title='bbox 473 1025 684 1100; x_wconf 87' lang='lat' dir='ltr'>vetustioris</span> <span class='ocrx_word' id='word_1_57' title='bbox 704 1029 773 1098; x_wconf 83' lang='lat' dir='ltr'>aevi</span> <span class='ocrx_word' id='word_1_58' title='bbox 795 1025 1003 1123; x_wconf 88' lang='lat' dir='ltr'>Mystagogi</span> <span class='ocrx_word' id='word_1_59' title='bbox 1025 1045 1141 1106; x_wconf 91' lang='lat' dir='ltr'>artem</span> 
     </span>
     <span class='ocr_line' id='line_1_10' title="bbox 69 1122 1140 1214; baseline -0.003 -9"><span class='ocrx_word' id='word_1_60' title='bbox 69 1128 239 1206; x_wconf 91' lang='lat' dir='ltr'>nondum</span> <span class='ocrx_word' id='word_1_61' title='bbox 255 1124 478 1214; x_wconf 83' lang='lat' dir='ltr'>didiciffent,</span> <span class='ocrx_word' id='word_1_62' title='bbox 504 1125 578 1198; x_wconf 91' lang='lat' dir='ltr'>Res</span> <span class='ocrx_word' id='word_1_63' title='bbox 593 1122 791 1200; x_wconf 88' lang='lat' dir='ltr'>Naturales</span> <span class='ocrx_word' id='word_1_64' title='bbox 808 1125 900 1200; x_wconf 88' lang='lat' dir='ltr'>adeo</span> <span class='ocrx_word' id='word_1_65' title='bbox 921 1125 1085 1202; x_wconf 77' lang='lat' dir='ltr'>distiniie</span> <span class='ocrx_word' id='word_1_66' title='bbox 1104 1129 1140 1202; x_wconf 82' lang='lat' dir='ltr'>dt</span> 
     </span>
     <span class='ocr_line' id='line_1_11' title="bbox 70 1211 1345 1321; baseline -0.002 -20"><span class='ocrx_word' id='word_1_67' title='bbox 70 1228 260 1321; x_wconf 88' lang='lat' dir='ltr'>complete</span> <span class='ocrx_word' id='word_1_68' title='bbox 278 1222 498 1314; x_wconf 86' lang='lat' dir='ltr'>definiendi,</span> <span class='ocrx_word' id='word_1_69' title='bbox 521 1223 673 1297; x_wconf 88' lang='lat' dir='ltr'>utinter</span> <span class='ocrx_word' id='word_1_70' title='bbox 689 1223 724 1296; x_wconf 90' lang='lat' dir='ltr'>se</span> <span class='ocrx_word' id='word_1_71' title='bbox 742 1225 861 1316; x_wconf 83' lang='lat' dir='ltr'>probe·</span> <span class='ocrx_word' id='word_1_72' title='bbox 875 1221 1044 1320; x_wconf 84' lang='lat' dir='ltr'>distingui</span> <span class='ocrx_word' id='word_1_73' title='bbox 1058 1225 1139 1320; x_wconf 86' lang='lat' dir='ltr'>pos·</span> <span class='ocrx_word' id='word_1_74' title='bbox 1195 1255 1200 1272; x_wconf 68' lang='lat'><strong><em>¹</em></strong></span> <span class='ocrx_word' id='word_1_75' title='bbox 1237 1270 1246 1287; x_wconf 68' lang='lat'><em>-</em></span> <span class='ocrx_word' id='word_1_76' title='bbox 1332 1211 1345 1235; x_wconf 55' lang='lat'>⁸</span> 
     </span>
     <span class='ocr_line' id='line_1_12' title="bbox 69 1304 1209 1416; baseline -0.004 -16"><span class='ocrx_word' id='word_1_77' title='bbox 69 1324 162 1415; x_wconf 87' lang='lat' dir='ltr'>sent,</span> <span class='ocrx_word' id='word_1_78' title='bbox 192 1323 289 1397; x_wconf 89' lang='lat' dir='ltr'>unde</span> <span class='ocrx_word' id='word_1_79' title='bbox 308 1304 433 1416; x_wconf 86' lang='lat' dir='ltr'>postea</span> <span class='ocrx_word' id='word_1_80' title='bbox 453 1313 598 1414; x_wconf 74' lang='lat' dir='ltr'>finum,</span> <span class='ocrx_word' id='word_1_81' title='bbox 624 1335 759 1395; x_wconf 91' lang='lat' dir='ltr'>utnon</span> <span class='ocrx_word' id='word_1_82' title='bbox 775 1321 1033 1396; x_wconf 87' lang='lat' dir='ltr'>confundenda</span> <span class='ocrx_word' id='word_1_83' title='bbox 1049 1346 1146 1400; x_wconf 68' lang='lat' dir='ltr'>com.</span> <span class='ocrx_word' id='word_1_84' title='bbox 1199 1389 1209 1410; x_wconf 81' lang='grc'>,</span> 
     </span>
     <span class='ocr_line' id='line_1_13' title="bbox 68 1418 1137 1514; baseline -0.002 -16"><span class='ocrx_word' id='word_1_85' title='bbox 68 1423 323 1498; x_wconf 89' lang='lat' dir='ltr'>funderentur.</span> <span class='ocrx_word' id='word_1_86' title='bbox 391 1418 573 1509; x_wconf 84' lang='lat' dir='ltr'>Accedit,</span> <span class='ocrx_word' id='word_1_87' title='bbox 609 1419 708 1512; x_wconf 88' lang='lat' dir='ltr'>quod</span> <span class='ocrx_word' id='word_1_88' title='bbox 735 1419 924 1493; x_wconf 89' lang='lat' dir='ltr'>Medicina</span> <span class='ocrx_word' id='word_1_89' title='bbox 948 1435 1137 1514; x_wconf 87' lang='lat' dir='ltr'>veterum,</span> 
     </span>
     <span class='ocr_line' id='line_1_14' title="bbox 69 1503 1138 1616; baseline 0.002 -22"><span class='ocrx_word' id='word_1_90' title='bbox 69 1503 289 1616; x_wconf 72' lang='lat' dir='ltr'>cognitione</span> <span class='ocrx_word' id='word_1_91' title='bbox 313 1517 479 1614; x_wconf 85' lang='lat' dir='ltr'>inprimis</span> <span class='ocrx_word' id='word_1_92' title='bbox 506 1517 691 1611; x_wconf 83' lang='lat' dir='ltr'>Empirica</span> <span class='ocrx_word' id='word_1_93' title='bbox 714 1517 864 1590; x_wconf 89' lang='lat' dir='ltr'>fundata</span> <span class='ocrx_word' id='word_1_94' title='bbox 890 1531 991 1606; x_wconf 88' lang='lat' dir='ltr'>erat,</span> <span class='ocrx_word' id='word_1_95' title='bbox 1030 1541 1138 1614; x_wconf 88' lang='lat' dir='ltr'>quam</span> 
     </span>
     <span class='ocr_line' id='line_1_15' title="bbox 70 1611 1137 1712; baseline 0.002 -20"><span class='ocrx_word' id='word_1_96' title='bbox 70 1621 217 1712; x_wconf 89' lang='lat' dir='ltr'>quidem</span> <span class='ocrx_word' id='word_1_97' title='bbox 247 1617 427 1692; x_wconf 90' lang='lat' dir='ltr'>rationem</span> <span class='ocrx_word' id='word_1_98' title='bbox 463 1629 576 1690; x_wconf 90' lang='lat' dir='ltr'>artem</span> <span class='ocrx_word' id='word_1_99' title='bbox 603 1611 771 1690; x_wconf 71' lang='lat' dir='ltr'>addendi</span> <span class='ocrx_word' id='word_1_100' title='bbox 799 1613 1026 1708; x_wconf 86' lang='lat' dir='ltr'>stabiliendi,</span> <span class='ocrx_word' id='word_1_101' title='bbox 1067 1639 1137 1694; x_wconf 87' lang='lat' dir='ltr'>nos</span> 
     </span>
     <span class='ocr_line' id='line_1_16' title="bbox 70 1711 1138 1882; baseline 0.002 -92"><span class='ocrx_word' id='word_1_102' title='bbox 70 1739 146 1790; x_wconf 90' lang='lat' dir='ltr'>non</span> <span class='ocrx_word' id='word_1_103' title='bbox 172 1717 381 1808; x_wconf 82' lang='lat' dir='ltr'>rejicimus3</span> <span class='ocrx_word' id='word_1_104' title='bbox 420 1711 491 1786; x_wconf 86' lang='lat' dir='ltr'>Sed</span> <span class='ocrx_word' id='word_1_105' title='bbox 517 1713 666 1787; x_wconf 87' lang='lat' dir='ltr'>eandem</span> <span class='ocrx_word' id='word_1_106' title='bbox 693 1712 817 1806; x_wconf 87' lang='lat' dir='ltr'>potius</span> <span class='ocrx_word' id='word_1_107' title='bbox 842 1727 968 1882; x_wconf 59' lang='lat' dir='ltr'>fflnta,</span> <span class='ocrx_word' id='word_1_108' title='bbox 998 1732 1138 1807; x_wconf 79' lang='lat' dir='ltr'>quanta</span> 
     </span>
     <span class='ocr_line' id='line_1_17' title="bbox 74 1810 1136 1924; baseline 0.002 -38"><span class='ocrx_word' id='word_1_109' title='bbox 74 1815 239 1888; x_wconf 89' lang='lat' dir='ltr'>subtilem</span> <span class='ocrx_word' id='word_1_110' title='bbox 255 1833 413 1906; x_wconf 89' lang='lat' dir='ltr'>unquam</span> <span class='ocrx_word' id='word_1_111' title='bbox 430 1810 623 1924; x_wconf 66' lang='lat' dir='ltr'>theoriam,</span> <span class='ocrx_word' id='word_1_112' title='bbox 645 1811 787 1906; x_wconf 92' lang='lat' dir='ltr'>dignam</span> <span class='ocrx_word' id='word_1_113' title='bbox 806 1813 843 1903; x_wconf 90' lang='lat' dir='ltr'>ju</span> <span class='ocrx_word' id='word_1_114' title='bbox 885 1813 1136 1888; x_wconf 87' lang='lat' dir='ltr'>camuslande.</span> 
     </span>
     <span class='ocr_line' id='line_1_18' title="bbox 73 1909 1179 2016; baseline -0.003 -32"><span class='ocrx_word' id='word_1_115' title='bbox 73 1911 260 2016; x_wconf 88' lang='lat' dir='ltr'>Quidquid</span> <span class='ocrx_word' id='word_1_116' title='bbox 276 1926 395 1984; x_wconf 91' lang='lat' dir='ltr'>tamen</span> <span class='ocrx_word' id='word_1_117' title='bbox 412 1909 474 2000; x_wconf 89' lang='lat' dir='ltr'>srt,</span> <span class='ocrx_word' id='word_1_118' title='bbox 501 1909 569 1984; x_wconf 93' lang='lat' dir='ltr'>hac</span> <span class='ocrx_word' id='word_1_119' title='bbox 590 1909 734 1983; x_wconf 92' lang='lat' dir='ltr'>ratione</span> <span class='ocrx_word' id='word_1_120' title='bbox 751 1909 881 1982; x_wconf 83' lang='lat' dir='ltr'>evitari</span> <span class='ocrx_word' id='word_1_121' title='bbox 901 1931 977 1983; x_wconf 91' lang='lat' dir='ltr'>non</span> <span class='ocrx_word' id='word_1_122' title='bbox 995 1913 1135 2005; x_wconf 60' lang='lat' dir='ltr'>potuit</span> <span class='ocrx_word' id='word_1_123' title='bbox 1168 1989 1179 2010; x_wconf 49' lang='lat'>‚</span> 
     </span>
     <span class='ocr_line' id='line_1_19' title="bbox 75 2007 1217 2106; baseline 0.001 -23"><span class='ocrx_word' id='word_1_124' title='bbox 75 2011 180 2102; x_wconf 93' lang='lat' dir='ltr'>quin,</span> <span class='ocrx_word' id='word_1_125' title='bbox 207 2011 340 2106; x_wconf 91' lang='lat' dir='ltr'>partim</span> <span class='ocrx_word' id='word_1_126' title='bbox 357 2009 407 2082; x_wconf 93' lang='lat' dir='ltr'>ob</span> <span class='ocrx_word' id='word_1_127' title='bbox 424 2008 552 2084; x_wconf 87' lang='lat' dir='ltr'>malam</span> <span class='ocrx_word' id='word_1_128' title='bbox 567 2007 780 2082; x_wconf 91' lang='lat' dir='ltr'>morborum</span> <span class='ocrx_word' id='word_1_129' title='bbox 800 2007 1084 2083; x_wconf 88' lang='lat' dir='ltr'>delineationem</span> <span class='ocrx_word' id='word_1_130' title='bbox 1100 2009 1136 2084; x_wconf 83' lang='lat' dir='ltr'>dc</span> <span class='ocrx_word' id='word_1_131' title='bbox 1208 2047 1217 2050; x_wconf 94' lang='lat'><em>·</em></span> 
     </span>
     <span class='ocr_line' id='line_1_20' title="bbox 77 2102 1172 2204; baseline 0.002 -26"><span class='ocrx_word' id='word_1_132' title='bbox 77 2107 399 2198; x_wconf 85' lang='lat' dir='ltr'>clailificationem,</span> <span class='ocrx_word' id='word_1_133' title='bbox 424 2106 554 2204; x_wconf 86' lang='lat' dir='ltr'>partim</span> <span class='ocrx_word' id='word_1_134' title='bbox 574 2107 623 2180; x_wconf 90' lang='lat' dir='ltr'>ob</span> <span class='ocrx_word' id='word_1_135' title='bbox 642 2102 748 2180; x_wconf 88' lang='lat' dir='ltr'>fidem</span> <span class='ocrx_word' id='word_1_136' title='bbox 766 2103 972 2178; x_wconf 79' lang='lat' dir='ltr'>audioribus</span> <span class='ocrx_word' id='word_1_137' title='bbox 993 2128 1068 2182; x_wconf 92' lang='lat' dir='ltr'>non</span> <span class='ocrx_word' id='word_1_138' title='bbox 1085 2107 1135 2180; x_wconf 93' lang='lat' dir='ltr'>sa·</span> <span class='ocrx_word' id='word_1_139' title='bbox 1168 2119 1172 2132; x_wconf 88' lang='grc'><strong>’</strong></span> 
     </span>
     <span class='ocr_line' id='line_1_21' title="bbox 80 2202 1134 2300; baseline 0.005 -25"><span class='ocrx_word' id='word_1_140' title='bbox 80 2204 124 2278; x_wconf 89' lang='lat' dir='ltr'>tis</span> <span class='ocrx_word' id='word_1_141' title='bbox 139 2206 357 2297; x_wconf 87' lang='lat' dir='ltr'>habendam,</span> <span class='ocrx_word' id='word_1_142' title='bbox 378 2205 510 2300; x_wconf 89' lang='lat' dir='ltr'>partim</span> <span class='ocrx_word' id='word_1_143' title='bbox 530 2203 639 2278; x_wconf 89' lang='lat' dir='ltr'>etiam</span> <span class='ocrx_word' id='word_1_144' title='bbox 658 2202 709 2275; x_wconf 92' lang='lat' dir='ltr'>ob</span> <span class='ocrx_word' id='word_1_145' title='bbox 725 2215 890 2277; x_wconf 86' lang='lat' dir='ltr'>naturam</span> <span class='ocrx_word' id='word_1_146' title='bbox 908 2204 1034 2298; x_wconf 87' lang='lat' dir='ltr'>aegroti</span> <span class='ocrx_word' id='word_1_147' title='bbox 1051 2203 1134 2280; x_wconf 88' lang='lat' dir='ltr'>Me·</span> 
     </span>
     <span class='ocr_line' id='line_1_22' title="bbox 74 2297 1159 2402; baseline 0.002 -26"><span class='ocrx_word' id='word_1_148' title='bbox 74 2299 278 2382; x_wconf 83' lang='lat' dir='ltr'>dicamcnto</span> <span class='ocrx_word' id='word_1_149' title='bbox 295 2303 523 2402; x_wconf 89' lang='lat' dir='ltr'>imputatam,</span> <span class='ocrx_word' id='word_1_150' title='bbox 546 2300 730 2378; x_wconf 89' lang='lat' dir='ltr'>interdurn</span> <span class='ocrx_word' id='word_1_151' title='bbox 744 2297 954 2396; x_wconf 85' lang='lat' dir='ltr'>irrepserint</span> <span class='ocrx_word' id='word_1_152' title='bbox 968 2299 1159 2398; x_wconf 54' lang='lat' dir='ltr'>fallacie„</span> 
     </span>
    </p>
   </div>
   <div class='ocr_carea' id='block_1_3' title="bbox 522 2468 674 2566">
    <p class='ocr_par' dir='ltr' id='par_1_5' title="bbox 522 2431 760 2566">
     <span class='ocr_line' id='line_1_23' title="bbox 522 2468 674 2566; baseline -0.004 -22"><span class='ocrx_word' id='word_1_153' title='bbox 522 2477 556 2566; x_wconf 82' lang='lat'>§-</span> <span class='ocrx_word' id='word_1_154' title='bbox 607 2468 674 2545; x_wconf 91' lang='lat'>111.</span> 
     </span>
    </p>
   </div>
   <div class='ocr_carea' id='block_1_4' title="bbox 69 2587 1152 4033">
    <p class='ocr_par' dir='ltr' id='par_1_6' title="bbox 69 2587 1152 4030">
     <span class='ocr_line' id='line_1_24' title="bbox 162 2587 1134 2686; baseline 0 -20"><span class='ocrx_word' id='word_1_155' title='bbox 162 2591 349 2668; x_wconf 89' lang='lat' dir='ltr'>Tenebris</span> <span class='ocrx_word' id='word_1_156' title='bbox 375 2589 519 2668; x_wconf 87' lang='lat' dir='ltr'>demum</span> <span class='ocrx_word' id='word_1_157' title='bbox 544 2591 652 2686; x_wconf 77' lang='lat' dir='ltr'>pulsis</span> <span class='ocrx_word' id='word_1_158' title='bbox 671 2587 935 2681; x_wconf 79' lang='lat' dir='ltr'>scientiarum,</span> <span class='ocrx_word' id='word_1_159' title='bbox 966 2587 1030 2664; x_wconf 90' lang='lat' dir='ltr'>ille</span> <span class='ocrx_word' id='word_1_160' title='bbox 1055 2602 1134 2667; x_wconf 91' lang='lat' dir='ltr'>tan·</span> 
     </span>
     <span class='ocr_line' id='line_1_25' title="bbox 69 2686 1133 2785; baseline -0.004 -19"><span class='ocrx_word' id='word_1_161' title='bbox 69 2689 146 2766; x_wconf 90' lang='lat' dir='ltr'>dem</span> <span class='ocrx_word' id='word_1_162' title='bbox 171 2689 379 2766; x_wconf 87' lang='lat' dir='ltr'>illucescere</span> <span class='ocrx_word' id='word_1_163' title='bbox 403 2694 515 2785; x_wconf 88' lang='lat' dir='ltr'>coepit</span> <span class='ocrx_word' id='word_1_164' title='bbox 539 2689 643 2780; x_wconf 84' lang='lat' dir='ltr'>dies,</span> <span class='ocrx_word' id='word_1_165' title='bbox 673 2710 746 2782; x_wconf 89' lang='lat' dir='ltr'>quo</span> <span class='ocrx_word' id='word_1_166' title='bbox 767 2686 947 2764; x_wconf 81' lang='lat' dir='ltr'>Aunores</span> <span class='ocrx_word' id='word_1_167' title='bbox 978 2689 1133 2764; x_wconf 84' lang='lat' dir='ltr'>Medica-</span> 
     </span>
     <span class='ocr_line' id='line_1_26' title="bbox 70 2783 1132 2886; baseline -0.002 -22"><span class='ocrx_word' id='word_1_168' title='bbox 70 2806 242 2864; x_wconf 82' lang='lat' dir='ltr'>memornm</span> <span class='ocrx_word' id='word_1_169' title='bbox 268 2793 472 2886; x_wconf 81' lang='lat' dir='ltr'>Simplicium</span> <span class='ocrx_word' id='word_1_170' title='bbox 498 2786 696 2864; x_wconf 90' lang='lat' dir='ltr'>Historiam</span> <span class='ocrx_word' id='word_1_171' title='bbox 725 2809 747 2860; x_wconf 88' lang='lat' dir='ltr'>e</span> <span class='ocrx_word' id='word_1_172' title='bbox 777 2783 930 2878; x_wconf 87' lang='lat' dir='ltr'>Scriptis</span> <span class='ocrx_word' id='word_1_173' title='bbox 962 2800 1132 2862; x_wconf 89' lang='lat' dir='ltr'>veterum</span> 
     </span>
     <span class='ocr_line' id='line_1_27' title="bbox 73 2881 1131 2984; baseline 0 -24"><span class='ocrx_word' id='word_1_174' title='bbox 73 2887 305 2984; x_wconf 86' lang='lat' dir='ltr'>colligerent,</span> <span class='ocrx_word' id='word_1_175' title='bbox 339 2887 512 2982; x_wconf 86' lang='lat' dir='ltr'>srmnlque</span> <span class='ocrx_word' id='word_1_176' title='bbox 540 2884 796 2974; x_wconf 89' lang='lat' dir='ltr'>ostenderent,</span> <span class='ocrx_word' id='word_1_177' title='bbox 836 2905 1000 2976; x_wconf 87' lang='lat' dir='ltr'>quaenam</span> <span class='ocrx_word' id='word_1_178' title='bbox 1026 2881 1131 2960; x_wconf 92' lang='lat' dir='ltr'>Plan·</span> 
     </span>
     <span class='ocr_line' id='line_1_28' title="bbox 73 2980 1152 3074; baseline -0.001 -16"><span class='ocrx_word' id='word_1_179' title='bbox 73 2998 133 3074; x_wconf 85' lang='lat' dir='ltr'>te,</span> <span class='ocrx_word' id='word_1_180' title='bbox 158 2985 223 3059; x_wconf 90' lang='lat' dir='ltr'>sub</span> <span class='ocrx_word' id='word_1_181' title='bbox 240 2985 313 3058; x_wconf 91' lang='lat' dir='ltr'>hoc</span> <span class='ocrx_word' id='word_1_182' title='bbox 327 2985 389 3058; x_wconf 92' lang='lat' dir='ltr'>vel</span> <span class='ocrx_word' id='word_1_183' title='bbox 407 2985 472 3058; x_wconf 93' lang='lat' dir='ltr'>illo</span> <span class='ocrx_word' id='word_1_184' title='bbox 490 2983 655 3072; x_wconf 89' lang='lat' dir='ltr'>nomine,</span> <span class='ocrx_word' id='word_1_185' title='bbox 683 3003 703 3056; x_wconf 91' lang='lat' dir='ltr'>a</span> <span class='ocrx_word' id='word_1_186' title='bbox 720 2980 906 3057; x_wconf 91' lang='lat' dir='ltr'>veteribus</span> <span class='ocrx_word' id='word_1_187' title='bbox 927 2981 1152 3063; x_wconf 56' lang='lat' dir='ltr'>indicaren-</span> 
     </span>
     <span class='ocr_line' id='line_1_29' title="bbox 72 3077 1132 3178; baseline 0 -22"><span class='ocrx_word' id='word_1_188' title='bbox 72 3093 143 3173; x_wconf 90' lang='lat' dir='ltr'>tur;</span> <span class='ocrx_word' id='word_1_189' title='bbox 183 3083 239 3157; x_wconf 81' lang='lat' dir='ltr'>At</span> <span class='ocrx_word' id='word_1_190' title='bbox 254 3103 390 3178; x_wconf 44' lang='lat' dir='ltr'>wmagna</span> <span class='ocrx_word' id='word_1_191' title='bbox 407 3081 620 3171; x_wconf 78' lang='lat' dir='ltr'>difficultas,</span> <span class='ocrx_word' id='word_1_192' title='bbox 647 3101 725 3156; x_wconf 92' lang='lat' dir='ltr'>non</span> <span class='ocrx_word' id='word_1_193' title='bbox 747 3077 946 3170; x_wconf 85' lang='lat' dir='ltr'>tamfacile</span> <span class='ocrx_word' id='word_1_194' title='bbox 963 3079 1132 3174; x_wconf 87' lang='lat' dir='ltr'>superan-</span> 
     </span>
     <span class='ocr_line' id='line_1_30' title="bbox 71 3175 1132 3274; baseline 0.002 -22"><span class='ocrx_word' id='word_1_195' title='bbox 71 3181 132 3271; x_wconf 90' lang='lat' dir='ltr'>da,</span> <span class='ocrx_word' id='word_1_196' title='bbox 154 3183 216 3256; x_wconf 87' lang='lat' dir='ltr'>hic</span> <span class='ocrx_word' id='word_1_197' title='bbox 233 3179 303 3255; x_wconf 87' lang='lat' dir='ltr'>sese</span> <span class='ocrx_word' id='word_1_198' title='bbox 322 3179 479 3270; x_wconf 89' lang='lat' dir='ltr'>obtulit,</span> <span class='ocrx_word' id='word_1_199' title='bbox 505 3181 635 3274; x_wconf 88' lang='lat' dir='ltr'>partim</span> <span class='ocrx_word' id='word_1_200' title='bbox 658 3177 758 3274; x_wconf 87' lang='lat' dir='ltr'>inde,</span> <span class='ocrx_word' id='word_1_201' title='bbox 783 3175 882 3272; x_wconf 91' lang='lat' dir='ltr'>quod</span> <span class='ocrx_word' id='word_1_202' title='bbox 897 3176 1046 3268; x_wconf 75' lang='lat' dir='ltr'>Plantae,</span> <span class='ocrx_word' id='word_1_203' title='bbox 1076 3177 1132 3254; x_wconf 88' lang='lat' dir='ltr'>uti</span> 
     </span>
     <span class='ocr_line' id='line_1_31' title="bbox 70 3273 1132 3368; baseline 0 -20"><span class='ocrx_word' id='word_1_204' title='bbox 70 3291 170 3352; x_wconf 89' lang='lat' dir='ltr'>antea</span> <span class='ocrx_word' id='word_1_205' title='bbox 187 3277 344 3368; x_wconf 77' lang='lat' dir='ltr'>didium,</span> <span class='ocrx_word' id='word_1_206' title='bbox 369 3299 439 3353; x_wconf 91' lang='lat' dir='ltr'>nec</span> <span class='ocrx_word' id='word_1_207' title='bbox 457 3279 528 3352; x_wconf 91' lang='lat' dir='ltr'>rite</span> <span class='ocrx_word' id='word_1_208' title='bbox 548 3275 729 3367; x_wconf 82' lang='lat' dir='ltr'>definitae,</span> <span class='ocrx_word' id='word_1_209' title='bbox 752 3296 821 3352; x_wconf 88' lang='lat' dir='ltr'>nec</span> <span class='ocrx_word' id='word_1_210' title='bbox 843 3273 882 3349; x_wconf 93' lang='lat' dir='ltr'>in</span> <span class='ocrx_word' id='word_1_211' title='bbox 902 3274 1055 3358; x_wconf 88' lang='lat' dir='ltr'>formam</span> <span class='ocrx_word' id='word_1_212' title='bbox 1074 3297 1132 3349; x_wconf 89' lang='lat' dir='ltr'>re-</span> 
     </span>
     <span class='ocr_line' id='line_1_32' title="bbox 70 3369 1131 3470; baseline 0.001 -24"><span class='ocrx_word' id='word_1_213' title='bbox 70 3373 173 3449; x_wconf 79' lang='lat' dir='ltr'>datiu</span> <span class='ocrx_word' id='word_1_214' title='bbox 186 3371 594 3470; x_wconf 85' lang='lat' dir='ltr'>eilentSystematicam,</span> <span class='ocrx_word' id='word_1_215' title='bbox 608 3375 739 3469; x_wconf 88' lang='lat' dir='ltr'>partim</span> <span class='ocrx_word' id='word_1_216' title='bbox 753 3393 900 3467; x_wconf 89' lang='lat' dir='ltr'>quoque</span> <span class='ocrx_word' id='word_1_217' title='bbox 911 3371 1011 3464; x_wconf 90' lang='lat' dir='ltr'>inde,</span> <span class='ocrx_word' id='word_1_218' title='bbox 1030 3369 1131 3464; x_wconf 89' lang='lat' dir='ltr'>quod</span> 
     </span>
     <span class='ocr_line' id='line_1_33' title="bbox 73 3467 1128 3570; baseline 0.004 -28"><span class='ocrx_word' id='word_1_219' title='bbox 73 3471 276 3550; x_wconf 83' lang='lat' dir='ltr'>Graecorum</span> <span class='ocrx_word' id='word_1_220' title='bbox 299 3475 432 3570; x_wconf 80' lang='lat' dir='ltr'>plantae</span> <span class='ocrx_word' id='word_1_221' title='bbox 453 3473 662 3549; x_wconf 75' lang='lat' dir='ltr'>sudoribus</span> <span class='ocrx_word' id='word_1_222' title='bbox 684 3473 728 3546; x_wconf 88' lang='lat' dir='ltr'>ad</span> <span class='ocrx_word' id='word_1_223' title='bbox 749 3491 876 3546; x_wconf 91' lang='lat' dir='ltr'>manus</span> <span class='ocrx_word' id='word_1_224' title='bbox 899 3491 976 3545; x_wconf 88' lang='lat' dir='ltr'>non</span> <span class='ocrx_word' id='word_1_225' title='bbox 1003 3467 1128 3546; x_wconf 78' lang='lat' dir='ltr'>essent.</span> 
     </span>
     <span class='ocr_line' id='line_1_34' title="bbox 74 3555 1131 3674; baseline 0.003 -35"><span class='ocrx_word' id='word_1_226' title='bbox 74 3567 163 3646; x_wconf 88' lang='lat' dir='ltr'>Hinc</span> <span class='ocrx_word' id='word_1_227' title='bbox 187 3555 305 3647; x_wconf 74' lang='lat' dir='ltr'>facihs</span> <span class='ocrx_word' id='word_1_228' title='bbox 329 3571 380 3646; x_wconf 89' lang='lat' dir='ltr'>est</span> <span class='ocrx_word' id='word_1_229' title='bbox 405 3572 614 3674; x_wconf 73' lang='lat' dir='ltr'>concludo,</span> <span class='ocrx_word' id='word_1_230' title='bbox 638 3589 743 3663; x_wconf 90' lang='lat' dir='ltr'>quarn</span> <span class='ocrx_word' id='word_1_231' title='bbox 767 3569 914 3642; x_wconf 85' lang='lat' dir='ltr'>incertae</span> <span class='ocrx_word' id='word_1_232' title='bbox 933 3581 1021 3641; x_wconf 90' lang='lat' dir='ltr'>tunc</span> <span class='ocrx_word' id='word_1_233' title='bbox 1040 3583 1131 3642; x_wconf 88' lang='lat' dir='ltr'>tem·</span> 
     </span>
     <span class='ocr_line' id='line_1_35' title="bbox 75 3665 1130 3764; baseline 0.002 -26"><span class='ocrx_word' id='word_1_234' title='bbox 75 3669 165 3756; x_wconf 86' lang='lat' dir='ltr'>poris</span> <span class='ocrx_word' id='word_1_235' title='bbox 182 3671 319 3744; x_wconf 83' lang='lat' dir='ltr'>fuerint</span> <span class='ocrx_word' id='word_1_236' title='bbox 335 3673 535 3764; x_wconf 77' lang='lat' dir='ltr'>plantarum</span> <span class='ocrx_word' id='word_1_237' title='bbox 559 3667 905 3753; x_wconf 85' lang='lat' dir='ltr'>determinationes,</span> <span class='ocrx_word' id='word_1_238' title='bbox 933 3665 1015 3738; x_wconf 90' lang='lat' dir='ltr'>dum</span> <span class='ocrx_word' id='word_1_239' title='bbox 1033 3667 1130 3740; x_wconf 90' lang='lat' dir='ltr'>inter</span> 
     </span>
     <span class='ocr_line' id='line_1_36' title="bbox 76 3759 1129 3862; baseline 0.004 -28"><span class='ocrx_word' id='word_1_240' title='bbox 76 3759 243 3842; x_wconf 71' lang='lat' dir='ltr'>nudiores</span> <span class='ocrx_word' id='word_1_241' title='bbox 263 3766 360 3862; x_wconf 90' lang='lat' dir='ltr'>ipsos</span> <span class='ocrx_word' id='word_1_242' title='bbox 378 3763 528 3842; x_wconf 81' lang='lat' dir='ltr'>infinita·</span> <span class='ocrx_word' id='word_1_243' title='bbox 548 3766 592 3838; x_wconf 90' lang='lat' dir='ltr'>de</span> <span class='ocrx_word' id='word_1_244' title='bbox 606 3765 674 3838; x_wconf 87' lang='lat' dir='ltr'>hac</span> <span class='ocrx_word' id='word_1_245' title='bbox 690 3789 729 3840; x_wconf 91' lang='lat' dir='ltr'>re</span> <span class='ocrx_word' id='word_1_246' title='bbox 748 3762 1023 3840; x_wconf 82' lang='lat' dir='ltr'>intercefferunt</span> <span class='ocrx_word' id='word_1_247' title='bbox 1039 3785 1129 3844; x_wconf 85' lang='lat' dir='ltr'>con·</span> 
     </span>
     <span class='ocr_line' id='line_1_37' title="bbox 73 3859 1128 4030; baseline 0.002 -98"><span class='ocrx_word' id='word_1_248' title='bbox 73 3867 267 3956; x_wconf 54' lang='lat' dir='ltr'>noverim</span> <span class='ocrx_word' id='word_1_249' title='bbox 293 3866 427 3942; x_wconf 85' lang='lat' dir='ltr'>Varias</span> <span class='ocrx_word' id='word_1_250' title='bbox 444 3863 577 3964; x_wconf 84' lang='lat' dir='ltr'>deinde</span> <span class='ocrx_word' id='word_1_251' title='bbox 586 3863 745 3958; x_wconf 87' lang='lat' dir='ltr'>Plantas,</span> <span class='ocrx_word' id='word_1_252' title='bbox 761 3863 810 3938; x_wconf 94' lang='lat' dir='ltr'>ob</span> <span class='ocrx_word' id='word_1_253' title='bbox 829 3859 1000 3958; x_wconf 80' lang='lat' dir='ltr'>insignem</span> <span class='ocrx_word' id='word_1_254' title='bbox 1015 3883 1128 4030; x_wconf 54' lang='lat' dir='ltr'>qgeu·</span> 
     </span>
    </p>

    <p class='ocr_par' dir='ltr' id='par_1_7' title="bbox 443 3979 1125 4033">
     <span class='ocr_line' id='line_1_38' title="bbox 443 3979 1125 4033; baseline 0 0"><span class='ocrx_word' id='word_1_255' title='bbox 443 3999 450 4010; x_wconf 89' lang='lat'>·</span> <span class='ocrx_word' id='word_1_256' title='bbox 1067 3979 1125 4033; x_wconf 88' lang='lat' dir='ltr'>arn</span> 
     </span>
    </p>
   </div>
   <div class='ocr_carea' id='block_1_5' title="bbox 0 0 1368 4770">
    <p class='ocr_par' dir='ltr' id='par_1_8' title="bbox 0 0 1368 4770">
     <span class='ocr_line' id='line_1_39' title="bbox 0 0 1368 4770; baseline 0 1"><span class='ocrx_word' id='word_1_257' title='bbox 0 0 1368 4770; x_wconf 95' lang='lat' dir='ltr'> </span> 
     </span>
    </p>
   </div>
  </div>
 </body>
</html>
