2678 4756
248 212 321 322 31⁶
434 175 687 300 sancimen
714 221 1107 300 cnunonusruu.

258 419 261 424 '
341 435 375 510 9.
401 407 670 484 UVULARIA
693 407 909 510 (persoluta)
923 432 990 506 pro
1007 411 1129 504 specie
1150 413 1291 510 quadam

244 511 360 606 Sigilli
378 507 581 580 Salomonis
598 508 734 601 pridem
750 507 955 596 venditata,
980 499 1077 582 sorte
1102 510 1155 580 ob
1174 511 1290 602 plano·
1327 529 1328 572 1

246 629 326 683 rum
342 607 512 680 foliorum
529 619 689 678 mutuam
711 605 997 692 similitudinem
1029 603 1087 679 sed
1114 609 1231 680 caulis
1249 609 1296 681 fo
1327 633 1328 640 ¹

247 707 295 779 lia
314 704 494 798 perforat,
519 701 699 796 floresque
716 702 906 794 pauciores
930 701 1172 776 flavescentes
1191 705 1299 780 lilium

248 802 493 898 quadantenus
509 799 643 873 referre
660 799 839 871 videntur.
879 798 1007 874 Pedem
1027 801 1182 874 circiter
1196 824 1297 874 unum

248 902 320 974 alta
336 897 397 974 est.
448 896 565 970 Radix
591 897 669 969 alba
688 895 762 986 est,
789 896 928 990 seseque
955 897 1176 972 informem
1206 899 1293 992 pedis

186 1054 188 1062 .
249 998 354 1073 corvi
382 996 559 1089 explieat,
593 996 824 1087 quamobrem
854 995 960 1086 etjam
989 993 1120 1067 eodem
1154 995 1291 1070 nomine

249 1094 345 1188 apud
377 1092 549 1186 quosdam
580 1093 706 1164 venire
731 1092 832 1164 solet.
892 1091 1061 1166 Praestans
1092 1091 1146 1164 eo
1172 1094 1294 1182 Radix,

248 1193 365 1266 forma
399 1187 677 1282 cataplasmatis,
718 1187 762 1260 ad
792 1189 1000 1261 maturanda
1034 1189 1296 1286 aperiendoque

250 1288 488 1384 apostemata,
512 1285 724 1379 praescripta.
753 1287 826 1359 aide
848 1286 898 1360 N.
912 1289 970 1359 26.

348 1454 403 1505 10.
427 1426 730 1502 TRIOSTEUM
762 1420 1033 1522 (possiderunt),
1069 1425 1111 1498 in
1145 1425 1300 1499 coloniis

250 1528 383 1606 nostris
400 1524 740 1618 septentrionalibus
760 1525 870 1597 herba
886 1523 1061 1597 Douons
1085 1524 1244 1612 Tinlrrrr'3
1267 1523 1300 1596 iu

250 1619 487 1718 Pensylvania
513 1646 604 1695 vero
631 1624 807 1707 Gratiana,
846 1621 1119 1717 &regionibus
1147 1620 1301 1694 australi·

252 1728 341 1810 bus,
364 1722 425 1795 ubi
447 1723 483 1793 in
506 1719 666 1792 febribus
685 1713 798 1792 acutis
813 1718 847 1791 dt
862 1719 1194 1792 intermittentibus
1210 1717 1300 1790 usur-

251 1836 379 1919 patur,
405 1819 515 1892 Radix
525 1815 656 1908 febrilis
673 1816 799 1888 vocari
817 1814 917 1888 solet.
974 1814 1099 1887 Nobis
1124 1830 1244 1888 autem
1261 1813 1297 1885 in
1327 1869 1328 1874 ,

250 1915 445 2014 pleuritide
471 1911 773 1998 commendanda3
811 1913 869 1986 led
898 1911 993 2007 apud
1022 1913 1169 1986 incolas
1198 1932 1298 1986 novar

252 2015 394 2110 Angliae
413 2036 479 2107 pro
504 2013 659 2085 emerico
682 2010 890 2099 adhibetur,
918 2025 1091 2103 operatur
1115 2025 1296 2104 potentes,

253 2113 410 2204 ideoque
430 2108 707 2198 robustioribus,
734 2108 788 2180 uti
808 2107 963 2198 rusticis,
988 2105 1135 2179 sortasse
1151 2107 1294 2199 prescri-

253 2210 393 2298 benda3
415 2209 549 2281 tametsr
567 2207 691 2280 nobile
706 2205 928 2278 medicamen
944 2205 1082 2297 poterit
1101 2204 1198 2294 effe,
1222 2205 1246 2278 li
1261 2205 1296 2275 ab

256 2305 394 2384 artifice
407 2306 558 2378 scienter
570 2303 855 2377 commendatum
869 2301 979 2375 fuerit
993 2303 1102 2392 etjam
1114 2303 1213 2376 aliis.
1241 2303 1299 2374 Re

254 2407 487 2497 dicispulos,
512 2401 574 2492 dost
591 2404 739 2474 mediocri
763 2404 942 2487 exhibitae,
969 2399 1127 2492 adversus
1145 2396 1257 2489 febres
1271 2423 1300 2472 o

253 2523 339 2574 mnes
364 2497 664 2587 intermittentes,
690 2512 816 2586 tntum,
848 2514 967 2573 cererem
990 2498 1033 2583 ἐξ
1052 2503 1186 2572 minime
1199 2496 1301 2590 folles

253 2598 435 2668 remedium.
491 2595 596 2686 Clapt.
615 2600 702 2688 virg.
720 2616 801 2686 14²·

355 2757 411 2808 11.
437 2733 649 2808 ALETRIS
676 2733 888 2834 (formosa),
920 2739 1164 2832 Blozr'ng-stor
1188 2739 1244 2814 uti
1263 2737 1302 2810 ab

255 2833 387 2908 incolis
407 2833 638 2906 inferioribus
654 2833 882 2926 nominatur,
906 2836 950 2908 ab
969 2837 1046 2908 aliis
1065 2859 1162 2910 vero
1185 2839 1303 2932 morsus

256 2933 394 3006 Dialoll
415 2929 581 3021 (Devil's
604 2924 682 3016 bit)
702 2931 868 3024 utrinque
885 2931 968 3006 flua
988 2934 1301 3008 denominatione.

174 3032 177 3040 “
255 3026 362 3102 Folia
388 3040 542 3118 quatuor
564 3027 664 3120 supra
683 3027 755 3120 ipsa
778 3028 918 3122 caespite
940 3031 1092 3122 expansa
1117 3029 1302 3127 surgunte

255 3123 400 3212 radice,
427 3124 594 3221 quelibet
612 3138 682 3196 tres
707 3139 768 3196 aut
792 3141 947 3218 quatuor
963 3127 1117 3220 pollices
1135 3121 1302 3224 (inches)

256 3221 365 3314 longa
394 3219 594 3293 &circiter
621 3241 729 3294 unum
750 3224 834 3298 lata.
883 3223 1009 3296 Mense
1035 3224 1136 3318 Junii
1168 3226 1303 3299 caulem

258 3314 388 3390 exserit
402 3316 485 3390 osio
502 3318 654 3410 pollices
669 3317 790 3406 altum,
818 3341 896 3394 cum
913 3319 1006 3414 spica
1025 3321 1183 3396 floribus
1201 3323 1301 3394 deco

256 3429 333 3489 rata
353 3413 410 3487 sex
427 3415 578 3508 pollices
595 3416 713 3508 longa.
762 3415 863 3489 Uber
881 3418 930 3490 est
946 3433 1152 3508 proventus
1175 3421 1253 3512 ejus
1269 3417 1300 3488 in

254 3510 415 3606 partibus
433 3511 591 3606 regionis
612 3510 740 3584 nostrae
755 3513 1008 3604 inferioribus,
1034 3513 1114 3588 solo
1130 3515 1301 3612 pingui&

254 3607 394 3682 sicciori
409 3609 634 3683 scatentibus.
673 3609 790 3682 Radix
806 3613 884 3684 alba
898 3611 963 3699 est,
991 3612 1155 3686 crassitiei
1176 3613 1251 3686 sere
1267 3609 1302 3684 fi·

256 3705 355 3780 stulae
386 3705 605 3794 sumatoriae,
643 3703 834 3799 gustusque
867 3708 1073 3782 amarissimi.
1148 3707 1300 3783 Pretiosa

256 3805 333 3878 baec
356 3805 457 3878 radix
483 3802 672 3875 venenose
698 3801 968 3904 fermentationi
988 3805 1141 3882 mirifice
1168 3803 1301 3890 resiliit,

255 3915 508 3996 tormentaque
532 3898 678 3977 illorum
702 3897 818 3992 sedat,
842 3903 868 3980 li
881 3903 1004 4001 pulvis
1028 3903 1303 4068 ejus'surnaturi

436 4019 444 4028 ·
1246 4017 1288 4070 vc
