2584 4770
239 239 448 324 FUNGUS
471 237 785 322 munitatu
967 269 1036 348 353

23 445 82 503 cm
94 435 225 500 tantum
243 425 365 503 lucum
384 423 552 498 arborum
572 437 779 520 occupant,
807 423 841 500 a
862 425 951 500 rami
976 441 1041 504 aut

21 521 147 600 traducis
168 520 290 612 instar,
315 541 399 598 cum
414 519 488 615 ipsa
504 521 636 594 arbore
657 541 769 596 unum
784 533 902 596 totum
929 523 1038 601 effici·

25 625 79 712 tut,
101 620 210 695 veluti
237 619 367 718 Visam
380 621 501 706 cibum,
526 619 675 710 rudrrmt,
702 635 914 714 purpureum,
939 647 957 694 o
979 647 1038 696 arrr-

28 723 124 809 nus‚
154 721 411 804 wadnam,
448 715 579 790 rrum
591 737 649 804 ω,
682 715 896 806 umumu,
959 721 1038 814 pre-

950 801 960 812 §a

28 825 86 888 nun
98 818 188 891 atddtc
204 815 240 888 dr
256 815 364 888 varic
383 814 502 888 dilicta
517 805 558 887 In
586 812 664 904 icc,
692 813 907 908 Lr'cdenarquae
920 813 1038 890 Euro·
1183 893 1185 898 ,

25 913 77 1008 pri.
130 909 262 986 Tertia
290 911 445 1004 denique
476 907 587 984 ctrtsn
616 909 821 986 Paraditicaa
854 911 1038 1000 terrestres

23 1007 285 1106 comprehcndit,
321 1029 400 1102 quar
425 1027 502 1082 non
532 1005 597 1080 nidi
622 1009 770 1084 aliarum
795 1009 976 1084 radicibus
1002 1009 1038 1086 se

24 1107 168 1198 inierant,
193 1105 229 1181 dr
254 1105 418 1200 quamvis
436 1103 473 1178 id
494 1103 628 1180 babent
644 1127 839 1182 commune
857 1128 936 1182 cum
956 1107 1038 1186 reli·

21 1203 229 1300 mirmanda,
255 1203 354 1298 quod
371 1201 546 1298 egremio
564 1215 668 1276 terre
686 1225 873 1297 erumpere
889 1203 1038 1280 videan-

21 1315 79 1392 tur,
108 1301 219 1376 nihilo
251 1314 371 1375 tamen
401 1301 521 1375 minus
549 1319 627 1374 non
655 1301 948 1397 proseminare,
979 1301 1039 1378 sed

21 1399 95 1472 omni
117 1411 239 1474 carent
260 1399 414 1495 vigore,
437 1396 502 1474 nifi
525 1395 758 1490 inquantum
785 1419 867 1474 curn
889 1400 1040 1478 aliarum

23 1494 165 1570 radicibus
183 1496 393 1571 cohereant
418 1495 580 1588 adunatae
598 1493 660 1569 sub
679 1507 795 1588 terra,
819 1519 897 1590 quc
917 1495 1039 1572 affixas

26 1589 98 1666 succo
122 1615 225 1688 quam
253 1593 409 1673 maxine
438 1593 502 1668 dibi
525 1591 761 1668 convenienti
784 1595 972 1682 nutriunt,
997 1607 1041 1668 ut

25 1687 181 1792 diruarupn
195 1696 367 1788 bypopityr
391 1689 424 1764 dr
448 1692 587 1788 crusina
603 1711 625 1762 e
644 1689 824 1766 radicibus
846 1691 925 1766 Pini
960 1713 1038 1766 crc-

22 1783 138 1880 irentea,
158 1789 309 1885 Asprum
326 1787 514 1883 Hypacrssis
530 1809 551 1862 e
566 1785 746 1862 radicibus
764 1787 850 1862 Cisti
868 1789 1038 1882 oriunda,
1070 1869 1078 1890 ‚

23 1885 169 1964 Orobnrba
191 1907 213 1960 e
236 1885 420 1960 radicibus
450 1884 516 1960 Pifi
543 1885 782 1964 autaliorum
807 1885 977 1962 fruticum
1001 1907 1038 1970 e·

18 1999 172 2076 rumpens,
198 1988 422 2079 mumma
443 1981 560 2076 &qua
580 1995 718 2078 partem
738 1983 892 2058 Laurea
912 1989 1037 2060 ctande-
1128 2065 1134 2072 ,

15 2077 79 2170 iim
97 2079 126 2154 dr
146 2083 349 2178 Squanuric.
398 2081 464 2154 Ma
488 2102 534 2154 na
559 2081 684 2154 harum
708 2101 811 2174 para,
843 2079 1038 2173 prasertim

19 2195 131 2270 aarum,
159 2201 238 2273 que
269 2179 383 2252 tertio
408 2101 590 2272 popuimua
614 2177 724 2268 loco,
757 2177 796 2250 id
818 2175 880 2251 sabi
902 2177 1038 2256 habent

20 2269 169 2369 iugulare,
193 2275 295 2370 quod
309 2275 408 2350 foliia
425 2275 579 2350 omnino
592 2285 752 2364 careant,
778 2273 963 2348 basaforte
977 2295 1036 2348 ru·

20 2369 144 2448 dimenta
159 2373 337 2450 foliorum
358 2385 576 2486 appareant,
604 2369 850 2466 utplurimum
871 2372 1038 2444 colorata

20 2464 94 2560 dunt,
121 2472 173 2546 uti
197 2493 219 2546 a
250 2469 436 2545 botanicra
466 2483 744 2564 nuncupantur,
773 2489 855 2544 non
887 2467 1035 2560 viridia,

21 2563 108 2640 ueluti
128 2569 343 2664 retiquarum
367 2567 478 2660 folia,
503 2566 577 2642 dine
599 2565 752 2640 dubioa
773 2563 1036 2660 Sapientiifimo

21 2657 162 2741 Crantore
187 2667 239 2742 ita
263 2663 462 2758 instructa,
499 2661 598 2757 quod
619 2662 682 2740 sub
709 2665 836 2740 umbra
865 2665 1036 2741 arborum

20 2771 111 2834 tutam
123 2763 276 2856 ducant,
302 2763 426 2838 necin
442 2761 568 2856 aprico
586 2760 653 2837 srnt
671 2755 827 2856 pnsste.'
855 2761 923 2836 Par
945 2781 1036 2854 quo·

21 2873 70 2946 que
83 2857 126 2933 ast
146 2861 241 2936 ratio
261 2859 462 2956 plantarum
477 2859 520 2934 in
541 2857 697 2932 cellariis
721 2855 948 2947 eductecum,
973 2858 1036 2932 vei

20 2969 76 3042 qun
89 2955 211 3034 lumine
229 2956 302 3034 diei
322 2957 452 3052 quavir
467 2955 690 3030 adiuratione
702 2953 955 3040 destituantur,
981 2953 1035 3042 nj-

20 3048 1035 3238 auarbritrariirritantur

273 3172 557 3226 vocar
677 3213 685 3226 .

21 3245 296 3340 quodamclauio,
322 3245 746 3324 autviridario'obscuro
760 3245 899 3322 fuerint
921 3243 1036 3320 inclu-

22 3335 67 3430 ἡ,
85 3343 164 3420 folia
188 3349 359 3422 amittunt
383 3344 417 3420 dr
441 3343 584 3440 prorsus
609 3343 713 3418 nude
738 3343 920 3431 evadunt3
948 3342 1035 3416 hinc

21 3431 185 3534 Hybristas,
210 3445 412 3542 Hypopityr‚
439 3444 642 3530 ornicum,
669 3439 878 3536 Squirmuric,
907 3437 1035 3514 Anau-

23 3543 82 3624 tun,
100 3541 325 3634 emmaum,
352 3543 542 3616 maximam
560 3537 747 3612 botanicia
759 3551 912 3612 movent
924 3535 1035 3612 admi·

24 3629 308 3812 1{Rstgottltaemtssr{ultrei
325 3659 402 3714 non
428 3639 483 3712 uti
502 3635 650 3728 relique
672 3638 826 3732 plantae,
857 3633 1035 3708 viridibus

121 3755 144 3807 n
232 3757 327 3812 oua.

92 3919 163 4001 Tot
173 3929 267 4008 inter
275 3929 430 4028 plantus,
445 3923 741 4006 recentioriravo
757 3921 915 4002 detectae
928 3923 961 3996 dr
975 3918 1034 4000 ad-

63 4015 200 4102 amru.
335 4025 393 4040 “’
539 4019 658 4115 ·Ζ,
930 4017 1035 4098 mita·
