2554 4746
143 225 392 318 srnclrrcn
417 218 822 304 CANADENSIUM.¹
923 247 994 323 527

16 421 139 494 lerum
165 414 306 492 tandem
329 413 514 510 protulisse
540 414 687 513 eandem
712 413 879 504 herbam,
913 433 997 506 cum

16 539 72 592 em
92 515 301 592 narratione
318 515 363 585 de
379 509 545 586 medendi
567 511 755 590 methodo.
798 510 887 584 Erat
908 533 996 606 prae·
1025 579 1029 587 .

16 639 43 688 :a
64 615 126 688 vir
149 632 293 706 quoque
309 611 405 687 inter
422 609 540 700 seros,
566 606 755 682 curatione
773 607 855 681 uim
877 609 996 682 morbi

16 710 185 800 celebris,
213 710 287 804 qui,
315 729 525 801 quamquam
546 706 684 780 radices
703 706 860 798 eiusdem
876 707 996 782 herbae

16 809 176 882 ducebat
191 804 550 896 commendabatque,
579 803 682 876 aliam
702 818 820 878 tamen
838 803 996 886 radicem

16 909 57 1002 gis
75 903 266 989 laudabat,
292 903 394 996 cujus
412 901 508 974 usum
530 922 572 974 ac
591 901 688 976 vires
706 901 838 974 abavo
862 901 924 974 suo
942 898 995 972 di·

16 1019 107 1095 erat,
131 999 350 1093 eandemque
366 997 400 1072 se
416 999 531 1072 multo
548 1000 675 1088 malle,
702 995 907 1074 affirmabat

43 1153 191 1230 Interea
219 1175 332 1242 vero,
369 1173 530 1246 quanam
563 1151 779 1248 potissimum
807 1161 910 1228 erant
941 1151 996 1228 ho
1067 1129 1069 1135 '

16 1255 93 1345 lae,
118 1249 242 1346 paucis
263 1248 469 1344 expediam:

40 1393 138 1466 Sunt
156 1391 194 1466 in
212 1389 381 1465 America
395 1387 666 1486 septentrionali
690 1391 846 1486 quinque
860 1389 998 1487 speclea

16 1491 310 1660 ›eliae,stquarum
332 1487 504 1584 Princeps
522 1487 688 1591 adversus
714 1489 828 1567 Luem
847 1507 996 1602 venercf

17 1607 138 1663 unae
171 1637 181 1658 .
733 1605 737 1613 ·

41 1735 144 1810 Mihi
162 1747 302 1826 autem,
327 1733 411 1810 dum
435 1733 557 1816 densas
574 1735 677 1812 silvas
693 1735 907 1830 ,asperasque
918 1733 998 1814 vias

16 1856 126 1932 agro,
161 1833 331 1908 sarcinam
365 1834 539 1906 librorum
570 1831 825 1908 botanicorum
856 1853 999 1918 mecum
1084 1876 1087 1884 ,

16 1949 99 2006 tare
111 1953 187 2004 non
200 1931 307 2018 licet,
332 1931 420 2023 quin
437 1941 589 2023 oportet
602 1931 652 2002 ita
668 1925 725 2004 r'es'
738 1950 834 2006 meas
848 1949 998 2024 compo·

16 2053 55 2120 ea
83 2042 125 2102 ut
148 2027 232 2100 dum
248 2027 412 2122 suppetat
426 2047 584 2121 papyrus
601 2028 644 2100 ad
659 2026 904 2102 insternendas
919 2027 998 2102 her·

18 2181 32 2220 ,
61 2125 489 2218 tantillumquechartae,
518 2126 707 2218 atramenti
734 2121 998 2200 &instrumen-

16 2247 72 2300 um
96 2221 300 2318 scriptionis
321 2222 409 2296 mihi
427 2221 513 2302 ¹satis
531 2219 601 2296 elle
620 2219 756 2315 patiar3
780 2243 909 2314 nempe
925 2241 998 2304 mes
1108 2293 1110 2298 .

16 2349 26 2398 r
46 2322 158 2396 molis
184 2321 304 2394 eundo
329 2319 445 2392 indies
469 2315 672 2393 crescentis.
725 2318 851 2411 ltaque
869 2317 998 2392 descri-

16 2444 58 2496 ne
70 2432 156 2493 ante
171 2419 241 2511 jam
258 2429 342 2491 ante
355 2415 430 2490 haec
442 2416 552 2512 herba
564 2417 619 2507 sat,
638 2413 895 2504 nccsatisscio,
915 2438 998 2507 nec,
1033 2419 1038 2428 '

16 2517 169 2609 ascripta
189 2513 262 2606 est,
292 2535 367 2607 quo
391 2513 540 2589 nomine
561 2514 709 2604 veniat,
733 2513 838 2588 facile
855 2513 996 2590 dixero.

16 2616 134 2710 igitur
148 2611 244 2686 illam
263 2609 496 2706 descriptam,
527 2609 637 2704 idque
654 2611 704 2684 ita
716 2613 820 2705 jam,
834 2623 877 2686 ut
893 2609 931 2686 in
944 2613 999 2684 bi·

16 2714 138 2786 »theca
149 2707 320 2784 botanica
333 2721 515 2802 appareat,
539 2721 659 2783 utrum
677 2707 807 2781 dudum
821 2705 1001 2782 delineata

29 2829 102 2884 nec
119 2827 175 2879 ne.
228 2804 391 2898 Cumque
410 2805 616 2898 plerosque,
643 2805 836 2880 Botanices
852 2809 998 2900 gnaros,

16 2906 93 2980 :inis
110 2903 272 2978 terminis
290 2899 430 2976 affueffc
450 2903 583 2994 norim,
608 2901 755 2976 herbam
767 2901 865 3000 ¹hanc
878 2903 999 2992 ‚latino

16 3023 117 3079 none
133 2997 250 3075 sistere
267 3001 415 3095 placuit.
476 3090 480 3100 ι
557 3021 560 3029 ’
754 2997 762 3042 '³

44 3163 206 3242 RADlX
217 3161 401 3258 perennis,
419 3163 566 3238 fibrosa:
584 3107 875 3256 ,fibrasplurimas
889 3105 1000 3251 albas,

16 3287 56 3338 rae
76 3261 247 3354 craffitie,
270 3263 423 3336 dirorum
449 3262 643 3356 digitorum
670 3259 898 3354 longitudine
920 3260 1001 3353 plus

16 3383 92 3449 ius,
122 3360 261 3454 glabras
280 3373 448 3452 tanquam
466 3381 487 3430 e
504 3373 632 3432 centro
650 3359 832 3433 emittens.

44 3511 228 3588 cauus
258 3511 404 3608 srmplex
441 3510 639 3610 (interdum
674 3523 794 3583 tamen
820 3527 940 3582 ramos
965 3525 1010 3580 e·-

16 3604 145 3702 tens),
173 3609 331 3700 erectus,
362 3609 508 3682 diversa
533 3606 792 3702 longitudinis,
821 3607 864 3677 ab
884 3627 900 3678 1
921 3605 1002 3696 ad4

16 3731 82 3782 ¹nm
101 3707 342 3781 communiter
363 3722 484 3780 tamen
510 3727 527 3779 r
552 3705 594 3778 ad
612 3728 632 3778 2
655 3706 786 3798 pedum
806 3701 1001 3799 longitudi-

16 3829 57 3896 u,
91 3821 211 3896 teres,
244 3803 497 3900 glabcrrimus,
531 3803 655 3890 lavis,
677 3799 901 3892 subnitidus,
927 3803 1001 3894 pal-

16 3929 21 3974 :
48 3903 181 3978 viridis
203 3915 266 3992 aut
287 3902 467 3982 interdum
486 3898 708 3993 rubescens,
721 3897 903 3995 precipue
920 3901 1001 4067 ‘afra

959 4015 1002 4071 us
