2602 4750
140 379 145 392 Ι
211 311 218 328 ·
295 275 508 354 arnume
530 275 734 355 nermo
973 299 1043 374 ῃ.

32 463 154 558 „iisdem
166 457 297 540 diuites
311 465 432 540 oleum
446 469 668 559 exprimunt,
693 464 791 560 quod
806 487 935 540 recens
950 455 1048 560 opti·
1081 448 1082 462 Ν
1113 531 1133 580 0
1256 516 1265 532 .

30 565 86 654 „ni
104 563 228 658 saporis
248 562 313 642 est.
363 563 516 658 Lignum
544 586 668 656 pamm
692 565 790 649 olet,
823 587 843 635 a
866 563 1045 640 scrinariis

36 761 305 851 „ptermollitiem
319 758 590 834 suam&resrnae
603 759 838 853 paucitatem,
860 779 938 854 quae
951 775 1049 836 utra·
1148 785 1152 797 ’

35 879 102 948 „que
113 859 256 951 qualitas
272 857 404 970 efficit,
428 869 469 930 ut
484 857 583 932 ferro
600 856 876 932 minusresrstut.

98 1013 213 1088 Pinum
234 1012 453 1092 CEDRUM
472 1017 509 1092 in
528 1016 700 1092 lateribus
714 1019 848 1113 alpium
861 1015 1049 1110 Lappoui·

30 1130 119 1186 mrum
140 1114 253 1192 etiant
274 1113 433 1192 crescere
462 1114 582 1210 polle,
607 1115 848 1214 probabiliter
866 1128 1046 1213 putamus,

28 1207 95 1280 Hec
121 1212 226 1306 vulgo
258 1213 459 1306 appellatur
489 1215 611 1288 Cedrm
634 1217 673 1287 de
696 1213 834 1288 Libum.
893 1213 1049 1309 Lignum

28 1306 85 1396 ejus
100 1309 234 1384 maximi
251 1309 324 1388 fuit
340 1309 435 1404 apud
454 1322 618 1399 veteres,
648 1310 747 1404 quod
762 1307 842 1386 sero
857 1309 1050 1389 admodum

27 1403 220 1498 putrescens,
244 1407 396 1496 durum,
429 1405 474 1483 ad
499 1407 656 1504 regulam
678 1406 797 1498 lillile,
825 1405 1049 1500 subrubrum,

28 1496 295 1600 Dermestumque
311 1503 424 1580 hostis
444 1505 496 1582 lit.
550 1505 648 1580 Hine
669 1527 714 1580 ex
736 1527 779 1580 ea
794 1504 899 1600 prisci
914 1503 1050 1599 capsas,

28 1597 336 1699 cistasdtcapulos,
361 1625 466 1695 quam
479 1601 672 1679 diutiliime'
682 1603 940 1698 perdurantes,
961 1625 1049 1678 con·

28 1691 171 1776 lecerunt.
222 1699 282 1776 Ex
300 1699 429 1794 quibus
447 1700 617 1776 omnibue
629 1701 801 1778 eximium
813 1703 893 1797 eius
906 1701 944 1776 iu
954 1723 1051 1778 oeco·
1143 1771 1147 1780 .

27 1795 230 1874 uouiausum
249 1795 417 1878 tutillime
433 1797 522 1874 licet
542 1800 774 1879 concludere.

97 1949 395 2030 TINCTORIAE
410 1957 545 2034 Planta
561 1957 728 2052 Alpino,
752 1981 886 2054 magno
907 1956 1054 2052 quidem

29 2067 149 2128 nunero
167 2073 244 2128 non
263 2052 344 2128 sunt
366 2055 532 2131 detellae:
560 2058 749 2132 enimvero
769 2057 794 2134 ss
811 2053 967 2132 Crocus
987 2077 1053 2130 un·-

31 2165 129 2240 quam,
153 2153 256 2248 cujus
277 2173 365 2226 vera
386 2153 502 2248 patria
519 2155 617 2248 alpes
634 2153 734 2244 sunt,
762 2152 894 2229 nostris
913 2145 1055 2248 alpibus

30 2241 171 2336 insertus,
196 2249 314 2325 Lamii
333 2249 464 2338 instar,
495 2273 578 2326 nam
602 2251 639 2324 in
658 2251 741 2326 solis
759 2252 899 2346 alpibus
913 2249 1057 2344 sponta-

29 2361 93 2415 neus
111 2347 249 2438 crescit,
273 2347 307 2422 se
325 2347 567 2442 multiplicare
591 2349 721 2444 pollet,
746 2351 807 2424 vel
823 2347 969 2422 unicum
985 2347 1059 2421 hoc

29 2443 306 2536 experimentum,
340 2443 385 2524 ad
409 2443 606 2541 Lappones
630 2447 762 2542 alpium
790 2447 952 2536 incolas,
978 2445 1059 2540 plus
1241 2523 1248 2530 ,

29 2534 204 2634 ditandum,
229 2565 337 2638 quam
363 2543 482 2620 cuntli
510 2565 602 2640 quos
627 2545 729 2622 alunt
754 2539 1061 2622 Rheno-Cervo-
1175 2609 1187 2642 p

27 2651 85 2710 tun
102 2660 252 2740 greges,
280 2641 467 2717 sufficeret.
527 2641 578 2716 Et
602 2641 894 2736 quandoquidem
920 2641 1061 2714 cultura
1209 2648 1215 2667 ¹

28 2731 84 2820 ejus
111 2761 253 2816 manum
286 2739 439 2832 requirit
475 2739 685 2835 diligentem
718 2763 795 2814 non
823 2724 1061 2826 laboriosam,

27 2823 241 2946 Lepponicae,
267 2859 372 2932 quam
392 2835 457 2910 ulli
478 2835 555 2912 sere
583 2837 667 2932 alii,
692 2837 823 2914 rebius
843 2835 1065 2910 conveniret

28 2943 114 3020 genu.

101 3077 451 3156 MEDICINALES
476 3081 628 3176 planto,
664 3083 702 3158 in
726 3081 881 3180 Alpibus
903 3079 1064 3156 crescen-

28 3179 87 3259 tes,
107 3175 182 3250 sunt
204 3179 339 3266 variar,
365 3175 488 3270 estque
502 3179 560 3267 vis
574 3199 696 3254 earum
710 3203 775 3281 por
794 3183 917 3256 omnia
931 3181 1064 3274 major,

27 3265 87 3344 liin
108 3274 185 3366 ipus
207 3275 365 3369 alpibus,
393 3297 497 3369 quam
512 3277 535 3350 li
552 3291 655 3354 extra
669 3299 729 3352 cas
746 3291 953 3354 creverunt.
993 3277 1065 3352 Ra-

28 3363 106 3441 dices
120 3373 417 3468 Archungelicae&
440 3373 572 3449 Rhodio
597 3375 633 3452 iu
652 3373 783 3451 nostris
809 3375 951 3468 alpibns
972 3373 1065 3450 adeo

29 3470 151 3558 copiose
170 3472 244 3563 jam
270 3471 459 3560 crescunt,
485 3487 528 3546 ut
552 3472 727 3546 universae
750 3495 795 3547 ex
825 3473 868 3546 iis
892 3473 1065 3566 Europe,
1095 3501 1098 3514 Δ

30 3581 176 3650 quantum
197 3565 294 3657 satis,
322 3569 518 3661 quotannis
537 3569 812 3663 suppeditare&
830 3569 1009 3664 pollemus
1033 3571 1069 3642 dr

31 3655 228 3740 deberemus.
283 3667 417 3755 Ratio,
446 3689 512 3742 cur
528 3689 604 3741 non
624 3667 842 3764 colligantur
861 3667 894 3741 dt
911 3667 1067 3762 nauigiis

31 3773 156 3854 peregre
171 3777 435 3859 exportentur,
465 3766 564 3838 nulla
584 3765 634 3838 est
654 3767 746 3856 alia,
774 3787 878 3860 quam
894 3765 992 3860 quod
1013 3786 1068 3836 ra·

29 3848 107 3928 dices
125 3858 197 3932 istae
222 3861 435 3956 colligendo
463 3860 574 3938 essent
593 3878 732 3938 mature
755 3863 946 3938 admodum
979 3875 1070 3936 tem-

28 3966 101 4040 pore
115 3961 268 4053 vernuli,
290 3959 499 4053 priusquam
509 3959 711 4133 gFerminure
728 3963 920 4058 incipiant,
947 3960 1006 4075 seu
1021 3981 1070 4130 eso

533 4079 583 4132 ,ε
609 4079 632 4150 5
988 4079 1025 4154 tp
1042 4084 1067 4132 u
