2584 4770
209 212 213 223 ·
237 225 310 298 ,72
363 187 806 283 nurnmonrnosrs
829 143 1203 271 rusnrnaum.‘

242 375 474 476 quadrupeda
486 372 655 464 vivipara
667 337 789 464 pullos
806 369 889 444 suos
901 383 1090 466 generent,
1115 372 1268 464 quiutero

241 477 407 555 funiculo
433 468 631 545 umbilicali
661 469 695 540 δι
721 468 887 560 placenta
908 470 1120 564 alligantur,
1149 491 1218 562 que
1241 473 1268 546 iu

243 576 315 652 illis
334 570 541 658 marcescit3
564 563 682 640 sedin
703 567 900 671 vermibus,
927 568 961 638 dc
977 568 1119 660 quflem
1133 569 1268 660 inprimis

252 676 382 758 Taenia,
406 668 891 756 videmusmatrempartum
904 662 1002 738 suum
1023 665 1268 751 edereeilen·

147 777 156 820 ·'
245 794 315 868 que
337 769 539 854 adherere,
570 783 643 856 quo
665 759 728 848 fit,
765 776 805 833 ut
822 782 889 854 pro
912 762 1042 856 quavis
1065 763 1270 864 generatione

121 893 127 898 ·
244 890 367 946 novus
385 860 774 948 exoriaturarticulus‚
801 860 860 952 qui
876 859 1039 934 diuinus
1060 860 1112 936 est
1126 861 1204 949 vita,
1227 861 1269 936 seu

246 963 449 1041 distinslum
469 955 717 1044 individuum,
740 957 838 1031 utin
859 957 980 1031 radice
1007 957 1128 1032 Tritici
1149 969 1265 1054 septais.

247 1066 315 1140 His
333 1057 524 1135 intelleslis
542 1057 683 1154 Polyper
702 1053 762 1128 seu
783 1058 983 1132 Sertularins
1000 1054 1175 1148 inspicere
1189 1057 1264 1130 debe

247 1183 351 1250 mus,
376 1158 437 1250 qui
457 1155 587 1228 eodem
604 1153 716 1227 modo
733 1173 775 1224 ac
794 1150 922 1226 Taenia
941 1169 1066 1248 partus
1091 1151 1168 1228 suos
1203 1155 1264 1226 licet

246 1262 391 1356 plures,
418 1254 552 1342 edunt,
587 1251 621 1324 dc
642 1252 687 1324 iis
705 1250 908 1340 adherent,
938 1267 980 1326 ut
1003 1209 1265 1346 ramosaeslanta

237 1358 376 1438 ‚similes
388 1351 567 1439 evadant3
592 1349 865 1443 quamprimum
884 1351 979 1424 eninr
997 1369 1132 1422 rnatres
1144 1353 1266 1424 motiun-

249 1473 331 1544 tur,
362 1451 575 1525 indurantur
595 1468 721 1520 eorum
738 1467 916 1540 corpora,
942 1449 1158 1522 &truncum
1172 1449 1262 1520 veln-

248 1573 346 1630 mum
367 1546 615 1630 constituunt,
639 1545 730 1616 adeo
750 1559 793 1617 ut
808 1546 896 1638 pulli
916 1546 1089 1621 viventes
1108 1546 1143 1620 in
1164 1545 1265 1620 sumni·

249 1650 384 1726 tatibus
411 1642 664 1718 tantummodo
687 1641 775 1728 sint,
812 1644 1048 1718 consimiliter
1076 1665 1119 1717 ac
1139 1644 1172 1717 in
1192 1663 1265 1734 vege·

250 1745 445 1832 rabilibus,
474 1741 665 1832 inquibus
692 1742 829 1832 quaevis
850 1761 989 1836 gemma
1013 1763 1149 1816 novam
1169 1739 1267 1814 conili-

250 1844 322 1918 tuit
342 1842 477 1926 vitam,
502 1839 590 1912 licet
606 1859 687 1914 cum
710 1838 824 1929 priori
848 1840 1052 1930 cohaeream
1077 1840 1133 1914 sed
1153 1837 1216 1912 lato
1232 1835 1266 1908 illi

250 1940 415 2018 obnoxia
440 1937 514 2028 est,
539 1935 657 2030 quod,
684 1934 766 2029 post
792 1935 898 2012 semel
918 1937 1097 2032 perusiam
1120 1936 1266 2016 florescer-

239 2041 338 2136 ¹tiam
368 2038 429 2110 vel
464 2035 690 2108 eruitionem
718 2033 851 2126 larvae,
890 2058 1074 2130 nunquam
1108 2057 1152 2112 ex
1176 2033 1265 2120 eadem

250 2138 375 2235 planta
390 2135 510 2228 aliqua
524 2133 641 2226 nuda,
668 2132 729 2206 vel
746 2131 816 2206 flos
832 2137 1043 2228 proveniat.

349 2329 418 2403 Uti
449 2329 657 2404 animalium
682 2329 848 2405 machina
875 2328 1018 2405 constat
1046 2326 1216 2424 systemate
1235 2345 1266 2396 ιι

250 2429 375 2520 relapso
392 2427 425 2497 δι
441 2421 604 2522 oczscmofls
618 2428 816 2516 nutriente,
843 2429 889 2503 src
902 2430 1010 2502 etiam
1029 2423 1264 2526 vegetabiliuml

252 2530 291 2602 in
305 2526 362 2598 his
374 2525 526 2598 Medulla
539 2525 626 2597 loco
640 2525 779 2598 cerebri
796 2523 994 2602 sMedulla
1008 2525 1163 2620 spinalis,
1180 2522 1265 2594 &sor-

251 2641 305 2698 sex
320 2623 406 2694 loco
421 2622 600 2710 vasorum,
619 2645 805 2717 perquem
822 2623 945 2698 succus
963 2615 1266 2724 alimentarisdeler·

246 2733 323 2804 tur.
358 2720 413 2792 Ex
435 2721 574 2794 cortice
591 2719 788 2815 deponitur
810 2723 1007 2816 quotannis
1029 2723 1157 2796 Liber:
1177 2739 1213 2792 ex
1228 2711 1265 2786 u·

197 2831 201 2842 '
251 2819 321 2893 bro
337 2813 380 2892 fit
402 2817 556 2914 Lignum
578 2817 731 2912 rigidum
754 2822 841 2893 loco
866 2819 1000 2894 ollium.
1057 2819 1216 2910 Adeoque
1231 2811 1264 2882 lt

252 2917 332 2990 duae
357 2932 477 3009 partes
505 2915 706 2990 essentiales
733 2918 960 2992 constituunt
988 2918 1140 2992 Larvem
1167 2914 1263 3007 planu·

252 3036 354 3102 rum,
377 3013 411 3086 sc
434 3014 488 3086 he
510 3029 630 3106 partes
654 3013 739 3088 dein
759 3027 943 3089 mutantur
964 3017 1001 3088 in
1026 3017 1182 3100 Florem,
1206 3023 1263 3112 llll·

254 3133 360 3204 quam
378 3111 414 3182 in
436 3109 610 3184 lusesium
630 3113 791 3186 volitans
806 3117 1038 3208 coleoptrato
1057 3115 1175 3206 calyce
1189 3117 1263 3208 coril-

254 3209 336 3296 cali,
362 3209 467 3280 alatis
486 3209 615 3282 Petalis
633 3233 653 3282 e
671 3209 767 3284 libro
781 3213 869 3284 licet
885 3209 981 3296 fixis,
1007 3206 1264 3286 masculissum·

253 3307 362 3380 nibus
382 3327 403 3377 e
420 3307 542 3402 ligno,
569 3306 603 3380 u
624 3295 786 3382 scnr'ineo
804 3310 942 3382 Pillillo
960 3308 1163 3384 Medullari.

394 3493 555 3565 uomodo
572 3493 649 3567 haec
667 3495 965 3590 metamorphofis
983 3451 1055 3570 fia?
1063 3494 1121 3566 vel
1136 3509 1199 3565 nou
1213 3481 1264 3586 lili,

254 3592 369 3682 aperti
397 3612 467 3664 rme
493 3605 593 3684 patet
625 3591 784 3666 intuenti
812 3617 844 3667 e.
870 3615 921 3690 gr.
948 3595 1092 3668 Scillanr
1113 3603 1169 3664 aut
1188 3584 1262 3656 Otnl·

254 3687 439 3784 tlrogalum
458 3686 619 3782 capensc.
671 3689 745 3760 Ubi

253 3817 286 3871 a.
316 3798 451 3872 Bulbus
476 3795 645 3870 constans
668 3797 820 3890 squamis
849 3803 1043 3894 tunicatis,
1072 3796 1190 3896 prioris
1206 3799 1261 3860 ²⁰³¹

313 3945 316 3952 ·
347 3894 482 3972 relisis
498 3894 636 3970 basibus
653 3893 841 3976 foliorum.
982 3913 984 3918 ’
1171 3985 1190 4058 b
1213 3975 1258 4050 fo,
