2604 4736
310 179 746 328 mosroncrtius.
927 159 1057 308 ²205
1174 223 1180 250 ¹

33 387 172 466 rumille
199 389 405 486 percipiat;
444 413 549 485 quem
580 393 604 466 sl
631 387 917 486 expergefasium
948 391 1059 468 sense·
1196 463 1200 474 ,

33 491 72 578 it,
95 487 287 582 adcurrit,
318 489 414 584 pilos
441 491 517 582 ejus
544 491 669 580 vellit,
700 489 833 584 abigit,
865 492 1060 586 locumque

33 599 155 667 xmoat
182 585 290 660 &ad
317 585 479 662 somnum
507 585 541 660 se
568 585 780 681 componit,
813 589 966 677 marito,
1001 587 1059 664 u'ti

33 707 67 758 aar
83 681 153 772 est,
180 684 361 756 excubias
381 696 456 758 tum
478 697 617 782 agente.
673 683 782 782 Quod
804 683 828 756 sr
849 685 939 758 nihil
959 687 1059 778 quie·

33 803 75 854 :am
101 801 236 854 eorum
268 781 507 872 interturbet,
546 803 611 877 per
637 777 722 854 serni
748 781 874 856 horam
901 780 934 856 dr
963 786 1059 858 ultra

33 877 196 954 lormiunt.
252 877 392 952 Somno
409 880 560 974 recreati
579 880 639 952 vel
658 879 777 952 cibum
796 881 980 976 extemplo
997 905 1058 976 pe·

32 991 101 1064 mt,
132 975 197 1049 vel
222 975 404 1070 paulisper
429 976 594 1051 ludentes
621 975 715 1070 quasi
735 975 926 1066 curfitnnt,
950 993 1059 1072 atque

32 1093 76 1144 om
95 1071 244 1148 demum
269 1072 406 1167 pastum
430 1073 464 1146 se
486 1073 679 1166 rccipiunt.
732 1070 967 1168 Quiescentes
988 1099 1059 1171 po·

32 1168 76 1242 lici
90 1169 422 1266 infidentoarmis
441 1169 474 1244 se
490 1166 660 1262 fulciunt,
686 1184 788 1264 parte
804 1174 976 1272 corporis·
989 1196 1056 1268 po-

32 1265 89 1337 tica
107 1267 143 1340 in
165 1267 299 1342 orbem
319 1267 415 1361 quast
435 1269 676 1358 convoluta,
699 1279 807 1361 caput
832 1269 994 1362 erigunt,
1022 1272 1058 1368 dr

32 1363 150 1437 sedibus
172 1363 442 1458 posterioribus
463 1365 651 1454 nituntur,
683 1365 971 1460 pipiuntparum
995 1369 1057 1444 vel

32 1457 218 1534 somnino
248 1461 374 1552 silent,
423 1461 521 1536 &in
551 1463 680 1536 eodem
710 1463 798 1536 loco
830 1479 1056 1544 remanentes
1148 1537 1151 1542 ,

32 1557 196 1650 dudunt,
225 1562 496 1654 ruminantque.

92 1765 269 1842 emeratis.
314 1763 445 1840 Sexum
464 1764 503 1840 in
515 1764 721 1858 jnnioribus
736 1761 918 1857 precipue
934 1762 1056 1842 distin·

32 1881 133 1956 gnere,
159 1862 260 1938 haud
281 1864 333 1936 ita
352 1859 404 1936 est
423 1863 600 1958 proclive.
660 1862 800 1966 Quinta
824 1881 916 1933 vero
944 1885 963 1934 a
991 1883 1054 1936 na-

33 1959 156 2054 tivitate
177 1960 379 2056 septimana
401 1957 591 2034 masculum
614 1957 721 2033 sonus
746 1957 1053 2053 gravior'prodit.
1141 2015 1145 2022 .

36 2053 231 2150 suendum,
250 2076 300 2132 ne
317 2059 436 2152 plures
450 2079 566 2130 mares
578 2078 652 2142 una
666 2056 746 2145 fint,
772 2059 852 2128 cum
866 2057 981 2148 major
993 2079 1055 2130 na·

42 2155 210 2230 uminoris
227 2153 371 2230 dorsum
385 2153 477 2229 adeo
491 2154 659 2256 adfligere
673 2151 786 2245 soleat
798 2152 994 2241 mordicus,
1012 2167 1056 2228 ut

41 2247 217 2348 lenplegia
240 2264 453 2346 correptus,
487 2266 624 2347 partem
650 2247 886 2345 posteriorem
900 2251 1079 2348 ,aegerris

39 2368 79 2418 me
93 2350 220 2440 tabat,
251 2349 431 2424 &misere
452 2347 595 2424 tandem
612 2361 761 2444 pereat·
798 2347 920 2421 Mares
939 2347 1054 2428 incre·

36 2442 160 2520 dibiliter
175 2445 302 2522 lascivi
317 2446 421 2539 sunt,
453 2445 487 2520 ἀ
508 2445 658 2530 feminas
677 2441 946 2538 persequendo,
971 2465 1054 2520 cum

34 2543 173 2708 punnitu
199 2559 309 2637 atque
336 2543 551 2622 adoratione
578 2543 622 2616 ad
644 2563 815 2619 venerem
845 2539 1052 2619 sollicitant.

57 2639 160 2714 eminae
185 2641 347 2716 seniores
369 2659 502 2716 nauem
523 2636 929 2730 rariffime'admittunt,
966 2641 1055 2716 licet

38 2735 165 2823 medam
182 2737 267 2815 satis
288 2739 352 2814 diu
370 2737 544 2816 foecunda
564 2750 744 2812 maneant.
795 2735 945 2824 adultae,
960 2759 1053 2812 vero
1091 2763 1094 2775 ’

37 2851 185 2926 nunquam
202 2837 256 2912 ad
267 2836 454 2912 libidinem
474 2831 555 2910 sunt
573 2833 780 2930 proniores,
802 2855 907 2928 quam
921 2856 963 2906 ea
978 2834 1054 2927 die,
1177 2883 1185 2905 2

40 2947 87 3016 qua
100 2947 229 3022 partum
246 2934 326 3010 sunt
342 2934 470 3010 enixae.
509 2931 607 3008 Tum
620 2952 711 3006 vero
723 2929 930 3006 difficillime
946 2951 1053 3004 ama·

38 3023 71 3094 ris
79 3021 322 3108 consuetudine
330 3043 472 3106 arcetur
479 3029 627 3122 femina,
644 3051 764 3120 neque
774 3049 866 3102 vero
876 3049 969 3121 opus
986 3028 1053 3120 est,

41 3121 187 3204 utdiutius
198 3129 445 3220 contineatur,
468 3149 573 3221 quam
591 3139 633 3201 ut
646 3126 789 3200 occasio
807 3125 839 3203 ei
855 3124 1052 3220 detuipro-

42 3215 89 3291 lem
105 3223 267 3322 lingendo
283 3247 307 3300 a
323 3225 485 3302 sordibus
502 3224 658 3298 eluendi.
710 3221 795 3298 Hoc
814 3218 910 3296 iasio
928 3223 1052 3298 denuo

45 3319 180 3424 concipit
228 3324 287 3398 Sic
304 3345 415 3400 unum
435 3323 508 3396 hoc
531 3321 686 3410 animal,
711 3331 882 3414 quantum
907 3319 1053 3412 quidem
1132 3361 1139 3382 ‹

46 3409 102 3520 ulii
120 3421 274 3514 constat,
305 3443 375 3516 qua
401 3421 460 3494 die
476 3417 701 3514 parturiendi
728 3419 870 3491 labores
892 3419 1052 3494 exantla-

52 3521 98 3600 nt,
117 3517 230 3594 eadem
253 3539 375 3593 novos
400 3519 561 3592 celebrat
583 3517 803 3607 hymenaeos.
853 3513 956 3610 Dum
973 3531 1050 3588 ute-

52 3620 97 3714 llu
116 3616 220 3708 gerit,
257 3617 352 3712 pilos
375 3616 515 3690 caeteris
542 3611 726 3688 evellit&
751 3611 924 3710 deglutit,
951 3613 1052 3706 quod

50 3695 119 3806 ircrle
139 3710 305 3806 inducor,
333 3725 376 3787 ut
391 3713 555 3804 credam,
579 3711 613 3785 ci
637 3709 821 3804 prodesse,
847 3729 937 3784 ‘cum
962 3709 1054 3787 alias

49 3793 71 3866 ld
81 3819 236 3901 nunquam
252 3811 387 3898 faciat„
423 3809 510 3886 Pica
527 3824 673 3902 quoque
688 3805 915 3904 gravidarum
931 3826 1050 3902 more,
1176 3814 1182 3832 ‘

49 3909 98 3970 em
112 3911 201 4002 tunc,
218 3909 384 3987 laborare
399 3891 580 4000 crederes,
604 3925 688 3982 cum
704 3902 818 4006 obvia
834 3903 987 4000 quevis,
1004 3922 1050 4076 pt
1151 4003 1156 4014 f

459 4052 465 4060 ,
934 4020 1047 4075 corr·
