2678 4756
217 321 221 326 -
264 253 832 338 sssouanoutsavtum.
1000 265 1069 351 587
1114 309 1120 325 ,

9 445 116 522 atius·
142 441 285 530 suerit,
324 459 401 514 non
425 436 608 530 relinquit.
662 380 768 510 Dumx
795 433 926 527 hyeme
954 431 1073 508 medie

11 543 209 626 Suetium,
248 536 435 612 Oceanum
462 555 626 629 magnum
652 545 815 627 petens·
835 531 1072 627 transm'grat,

11 634 410 810 arboriblrpgegeiiisque
432 633 571 768 requiei
596 633 710 730 gratia
735 627 945 708 insidentem
976 649 1073 704 cotn-

15 757 131 834 penre
254 789 263 808 .
642 782 644 786 ι

108 893 170 964 81·
202 877 341 956 ALCA
369 877 497 966 Turdo,
522 875 587 950 Fn.
604 875 683 950 tio.
708 869 746 947 io
764 897 870 969 rupes
885 871 1075 954 insularum

17 978 120 1052 maris
147 975 359 1074 pr'aecipites
377 973 421 1050 ad
440 973 473 1047 d.
490 989 547 1048 rt:
562 971 654 1066 Maji
678 971 865 1067 immigrat.
916 971 1076 1045 Unicum
1227 993 1230 1002 ’

17 1075 103 1246 {ido
121 1077 191 1150 suo
205 1095 325 1246 lovum
347 1071 464 1169 parit,
480 1067 729 1166 cumprimis,
750 1069 897 1144 ineunte
916 1067 1076 1164 Septem·

46 1195 96 1266 n,
120 1194 202 1246 avo
221 1193 296 1246 ans.
372 1235 375 1244 .
1116 1196 1123 1206 ·

115 1337 177 1408 82.
209 1319 481 1420 COLllMliUS
497 1325 666 1408 miiitum·
682 1319 712 1396 F
714 1345 748 1396 n.
768 1345 847 1398 121.
872 1321 909 1397 in
929 1321 1078 1398 lacubus

22 1421 155 1513 ubique
181 1419 345 1507 Sueciae‚
371 1418 641 1516 provinciarum
666 1439 758 1492 vero
784 1419 981 1493 borealium
1009 1421 1078 1494 fre-

24 1519 223 1610 quentior,
250 1515 372 1590 aestiva
397 1537 527 1610 agens,
564 1527 736 1590 autumno
763 1537 832 1590 nos
862 1515 1011 1608 deserit,
1045 1519 1080 1598 dt

24 1615 242 1708 provincias
270 1614 492 1704 Germaniae,
529 1613 695 1709 proxime
724 1613 831 1688 nobis
860 1613 1080 1708 adjacentes,

28 1733 115 1803 quos
140 1713 213 1786 vix
240 1712 517 1806 transgreditur,
542 1713 627 1784 adit.
694 1710 860 1784 Ovorum
885 1713 1081 1804 pullorum·

29 1831 95 1901 que
113 1831 206 1882 cura
225 1809 519 1895 intermissurus
539 1809 767 1882 intervolitat
783 1809 887 1896 duos,
902 1809 1082 1887 rationem
1156 1861 1166 1884 ..

29 1906 253 2002 tempestatis
284 1907 441 1994 habens,
466 1921 509 1980 ut
532 1905 671 1980 rusticis
698 1905 915 1980 nostratibus
936 1911 1082 1982 volatus

30 2003 131 2096 hujus
155 2027 228 2100 pto
249 2001 484 2078 eminentium
501 2003 704 2099 pluviarum
723 2001 961 2097 adstantisque
979 2005 1083 2082 enus

29 2101 271 2198 prognostico
291 2101 422 2174 valent.

125 2255 185 2338 83.
210 2242 410 2336 Colymbus
430 2248 582 2328 maritus,
600 2239 665 2316 Fn.
683 2261 763 2334 123·
782 2239 820 2316 in
835 2243 935 2336 aquis
951 2243 1084 2320 nolitis

29 2336 123 2412 baud
156 2341 368 2432 sternentur
399 2337 628 2438 conspolium,
673 2339 711 2414 in
741 2339 950 2434 regionibus
985 2341 1085 2438 degit

33 2435 399 2527 septentrionalibus,
418 2437 564 2510 lacubus
581 2436 774 2530 presertim
788 2435 1002 2531 Lappontae,
1020 2439 1085 2516 ubi

37 2533 196 2611 nidulum
209 2535 321 2624 sutum,
340 2535 443 2628 super
459 2555 568 2625 equas
584 2548 765 2611 natantem
781 2555 827 2610 ex
840 2534 957 2630 scirpo
966 2539 1086 2612 Arun-

33 2629 193 2726 dinetrue
224 2631 387 2718 coniicit.
450 2631 634 2724 singulare
657 2632 767 2722 illud,
800 2653 905 2722 eum,
935 2634 1086 2708 volandi

40 2729 216 2818 potestate
250 2750 325 2804 non
360 2729 597 2826 gaudentem,
630 2743 826 2821 autumno,
856 2729 1087 2809 hirundinum
1132 2775 1137 2799 r

40 2822 165 2913 instar,
195 2828 296 2918 aquis
324 2825 357 2900 se
381 2824 624 2920 submergere,
656 2826 705 2900 D.
724 2826 772 2903 D.
792 2825 940 2900 Montin
968 2848 1086 2902 narra·
1139 2843 1144 2860 ⁸

36 2917 111 2998 'tum
131 2918 193 3015 i),
213 2925 318 2997 aliter
332 2921 402 2998 sese
419 2921 572 3014 habere,
597 2921 694 3016 quod
711 2921 847 2997 scilicet
866 2923 991 2996 volare
1008 2921 1103 3020 pos‘

37 3017 100 3108 stt,
126 3019 240 3094 aDn.
258 3019 435 3095 Solandto
457 3021 493 3093 in
507 3017 697 3114 Lapponir
716 3019 838 3115 postca
860 3017 1088 3100 observatum

43 3114 101 3189 eli.
153 3120 244 3192 Eum
265 3119 385 3212 itaque
409 3139 531 3210 uque,
555 3137 598 3190 rc
613 3139 746 3196 omnes
764 3119 841 3190 alite
861 3119 1002 3213 generis
1024 3119 1087 3193 hu·

44 3209 118 3303 jus,
145 3237 274 3289 reuera
296 3218 489 3310 emigrare,
521 3233 601 3287 cum
621 3215 750 3308 hyeme
767 3213 902 3310 semper
922 3217 1033 3312 abst,
1054 3215 1089 3290 dt

44 3305 106 3380 hac
129 3313 188 3386 sura
215 3313 296 3406 suga
320 3335 416 3386 mare
441 3311 620 3410 continuo
640 3313 827 3403 incedere,
855 3325 966 3384 terras
990 3315 1087 3388 enirn

46 3411 274 3484 continentes
295 3410 602 3503 transmigrantem
620 3429 802 3504 nunquam
819 3409 988 3502 vidimus,
1004 3433 1088 3508 pto·

47 3499 210 3580 habiliter
232 3507 399 3580 concludi
423 3504 552 3600 potest.

138 3639 573 3736 amenocELLARIA
585 3645 750 3737 pelagica,
776 3639 842 3718 Fn.
863 3663 942 3735 249.
966 3591 1090 3716 ‘Mare

48 3733 245 3816 lialthicum
277 3739 436 3814 nostrum
462 3759 561 3827 non,
592 3739 656 3814 nist
692 3737 771 3812 casu
802 3739 956 3832 quodam
976 3737 1089 3909 philip,

46 3957 1089 3990 ·W--um

88 4029 116 4104 i)
137 4037 251 4100 Arnon.
265 4033 351 4100 acati.
370 3999 564 4116 saspasts.
614 4069 625 4082 -
