2690 4722
234 268 283 342 66
428 263 717 342 STATIONES
755 264 1095 347 PLANTARUMs

232 451 352 528 fimam
386 449 423 524 id
454 450 517 527 fibi
551 449 747 548 deposcere
780 456 949 530 notitiam
981 455 1050 530 Rei
1083 455 1344 551 Herbariae,

234 564 403 645 quantam
423 573 443 622 c
459 550 562 624 libris
580 551 723 625 haurire
741 573 817 628 noo
837 553 946 644 licet,
973 551 1031 626 sed
1047 575 1092 628 ex
1110 556 1234 650 longa
1263 577 1325 629 ea

235 671 304 741 que
321 648 534 740 quotidiana
553 648 791 742 experientia.
832 649 1042 745 Optandum
1057 653 1184 745 itaque
1201 651 1343 745 effet,

234 747 375 826 vellent
392 743 582 820 Florarum
604 745 834 842 Scriptores,
869 749 1037 824 omnibus
1063 748 1132 824 suis
1158 749 1343 842 Plancis

235 840 348 918 solum
365 844 484 918 natale
503 843 704 940 adsignare,
725 860 876 941 propter
892 846 1083 939 commoda
1101 867 1339 946 permagna

236 940 321 1017 inde
337 942 473 1016 adrem
490 943 674 1038 publicam
692 940 896 1020 universam
913 944 1168 1020 redundatura.

693 1087 830 1180 §V.

330 1201 457 1280 USUS
481 1201 647 1294 notitia,
681 1203 726 1278 de
751 1207 953 1301 plantarum
980 1203 1059 1281 solo
1078 1207 1220 1299 natali,
1262 1207 1337 1284 est

239 1301 382 1400 quidem
407 1304 598 1396 multiplex
625 1302 824 1394 &varium
859 1318 898 1377 at
924 1302 1109 1401 sequentia
1136 1319 1336 1384 tantum·

236 1399 349 1478 modo
369 1423 439 1476 nos
457 1399 756 1475 enumerabimus.

336 1536 394 1593 120
423 1515 584 1590 Unicum
600 1512 801 1590 &solidum
821 1513 916 1590 redle
936 1512 1060 1590 Solum
1084 1517 1156 1592 boc
1175 1522 1333 1596 natale

237 1630 395 1691 vocatur
413 1611 706 1704 fundamentum,
730 1633 804 1708 quo
830 1613 948 1687 omnis
972 1615 1101 1688 nititur·
1120 1613 1334 1692 Horticul-

237 1732 334 1802 tura,
361 1709 454 1786 adeo
473 1725 515 1785 ut
539 1732 616 1786 non
637 1711 749 1801 alius,
775 1731 879 1804 quarn
897 1711 958 1804 qui
977 1710 1090 1786 solum
1107 1717 1334 1808 vegetabi-

236 1813 324 1888 lium
347 1809 467 1884 natale
490 1807 711 1904 perspeiium
732 1809 862 1899 habet,
889 1809 1056 1901 idemque
1076 1811 1215 1884 imitari
1242 1835 1335 1886 no·

237 1910 316 1998 vit,
334 1908 420 1982 huic
442 1906 583 1980 muneri
605 1905 648 1980 srt
671 1905 931 1982 admovendus.
1004 1907 1079 1982 uod
1097 1908 1147 1982 D.
1166 1911 1333 2004 Prceses

236 2007 401 2105 pluribus
418 2000 586 2100 exposuit
604 2002 641 2078 in
654 2002 750 2080 Aen
768 2006 849 2100 Reg.
862 2005 969 2079 Acad.
983 2013 1103 2082 briant.
1122 2003 1171 2078 A.
1188 2029 1332 2106 ¹739·

238 2095 453 2202 Experiml.
504 2100 650 2196 Nempe
666 2100 810 2194 quando
828 2099 960 2178 semina
979 2105 1125 2178 exotica
1147 2102 1188 2178 in
1214 2105 1332 2182 hor·

236 2203 285 2278 tis
299 2197 529 2276 Academicis
545 2199 777 2296 propaganda
796 2199 897 2291 sunt,
922 2203 1046 2276 omnia
1067 2201 1332 2296 experimen·

236 2315 275 2378 ta
301 2301 439 2374 incerta
462 2297 641 2388 evadent,
673 2296 698 2371 st
726 2300 928 2391 plantarum
957 2298 1147 2374 earundem
1180 2297 1332 2379 solum

237 2399 464 2495 ignoramus:
491 2393 659 2468 Botanici
677 2392 816 2469 idcirco
831 2395 1041 2470 Prosefforis
1058 2395 1130 2487 est,
1159 2396 1210 2472 de
1237 2401 1333 2478 hac

236 2517 277 2572 re
293 2494 434 2568 erudire
456 2493 708 2583 hortulanum,
745 2493 805 2586 qui
823 2495 910 2568 alias
925 2495 1020 2569 haud
1041 2494 1150 2570 dubie
1170 2495 1215 2570 in
1240 2521 1332 2574 cae·

237 2614 365 2670 corum
388 2591 720 2684 experimentorum
746 2591 906 2666 versatur
930 2593 1106 2688 caligine;
1209 2597 1330 2672 uid?

238 2689 335 2786 quod
350 2689 603 2763 Horticultura
620 2689 702 2763 talis
724 2710 821 2764 mera
842 2691 1014 2786 empirica
1035 2687 1099 2764 fret
1114 2689 1148 2762 dt
1165 2713 1192 2764 o
1224 2691 1331 2769 scu-

236 2812 276 2864 ra
301 2786 446 2862 notitia.
501 2785 744 2861 Hortulanum
762 2787 891 2883 igitur,
914 2787 1069 2861 diversas
1089 2790 1333 2884 plantarum

236 2886 373 2983 species
405 2883 443 2960 in
475 2883 599 2958 Horto
633 2882 697 2958 suo
727 2885 822 2959 alere
854 2886 1083 2980 cupientem,
1122 2887 1164 2958 ad
1200 2889 1331 2968 hanc

236 2984 391 3059 amollim
414 2983 559 3056 hortum
583 2979 757 3057 instruere
779 2997 950 3078 oportet,
981 2985 1148 3059 nimirum
1171 2991 1329 3066 varias

235 3081 325 3170 soli,
352 3095 393 3155 ut
416 3081 466 3154 ita
486 3079 625 3170 dicam,
649 3078 854 3174 Species&
876 3079 1069 3156 Climatum
1096 3082 1325 3176 praestabit.

234 3179 489 3255 Horticultura
504 3175 655 3251 solidum
677 3177 765 3250 illud
788 3177 1060 3254 fundamentum
1077 3178 1325 3278 agnoscens,

234 3275 273 3352 in
294 3292 390 3352 coetu
410 3275 634 3350 eruditorum
648 3275 834 3370 hucusque
848 3275 1077 3368 desideratur,
1101 3293 1213 3368 atque
1230 3303 1327 3358 no-

233 3373 308 3450 stro
322 3391 511 3468 tempore,
536 3370 783 3447 adcuratilsrmi
799 3373 1075 3450 hortulanorum
1092 3375 1200 3464 libri,
1235 3402 1327 3457 cu.

233 3472 350 3567 iusvis
375 3473 508 3566 planta
529 3470 714 3544 historiam
736 3485 844 3564 atque
864 3471 1114 3546 tradationem
1135 3475 1327 3568 amplam

234 3569 420 3644 exhibent.
473 3568 522 3641 Hi
540 3568 646 3659 libri,
669 3567 712 3640 ad
736 3569 946 3658 volumina,
973 3571 1045 3642 ulla
1066 3571 1134 3644 alia
1151 3571 1326 3663 planta.

233 3689 312 3742 rum
325 3665 474 3741 historia
489 3666 641 3758 majora,
660 3664 858 3740 increscere
874 3663 1040 3760 polluat,
1069 3691 1148 3759 quae
1167 3683 1322 3752 tamem

232 3766 357 3840 omnia
382 3766 420 3838 in
447 3763 674 3856 Compendia
704 3761 880 3837 succincta
903 3764 1049 3855 reduci,
1080 3765 1323 3860 ibidemque

232 3860 403 3938 Clallibus
417 3860 628 3949 nonnullis,
655 3861 750 3934 clare
768 3860 802 3934 &
818 3859 1032 3937 sufficienter
1043 3864 1223 3958 proponi,
1251 3867 1321 3946 se.

230 3960 388 4039 cundum
410 3957 525 4058 solpm
547 3961 666 4036 natale
683 3959 875 4036 deberent.

242 4121 245 4130 .
1205 4061 1319 4142 atde
