2602 4750
237 283 310 358 500
376 247 759 332 ‘rumorosorum
784 249 1154 339 uotoruouus.
1218 281 1225 288 ·

159 476 161 480 ¹
238 452 327 540 267:
358 443 400 517 In
426 439 556 522 Gallio,
582 432 655 523 ait,
680 437 815 510 boruines
837 462 877 510 ex
896 435 1034 530 furtiva
1057 463 1174 518 venen
1197 455 1265 542 goii

237 541 370 646 (enfans
392 529 564 623 dortour)
593 535 692 626 vulgo
716 535 905 627 robustiores
928 541 1106 630 habentur,
1135 559 1208 638 pra
1225 551 1267 619 illi:

235 649 345 744 quiex
367 636 464 732 officio
482 632 665 723 norisium·
691 655 761 704 curn
779 657 880 708 uenus
893 642 1046 731 perpetuo
1067 641 1220 736 questio,
1230 645 1272 740 sel

114 759 115 762 ‘
174 757 201 774 ‘⁴
234 744 478 819 roroinoento,
497 729 662 823 fervidior
680 728 750 824 fir:
791 729 933 805 Natura
958 734 1031 828 ipsa
1087 753 1132 810 ut
1153 738 1186 811 se
1206 763 1274 814 con.

234 840 376 923 se'rvet‚
409 829 514 904 anxie
539 826 730 916 laborans,
760 827 945 922 perspicua
973 834 1022 904 hu
1066 855 1082 906 s
1107 837 1163 908 rei
1188 839 1273 912 nobis

170 985 175 994 .
233 931 410 1012 monstrat
427 925 588 1021 vestigia.
640 924 698 997 Ad
720 929 960 1022 oeconomiam
981 933 1272 1010 animaliumiirt.

229 1032 435 1115 tendimus,
474 1035 645 1118 apparet,
684 1023 835 1096 caussam
863 1026 958 1100 illius
986 1027 1266 1122 diffimssitudinis,

100 1169 103 1176 ·
132 1168 135 1175 ,
182 1167 186 1174 ·
215 1145 338 1226 ,quam
361 1129 455 1198 inter
478 1142 604 1194 eorum
618 1121 724 1193 soetus
744 1120 812 1194 elle
825 1121 1153 1217 deprehendimus,
1178 1131 1213 1204 in
1228 1153 1267 1227 ge

121 1295 133 1310 ,
172 1259 174 1264 ’
232 1231 394 1304 nitorum
425 1219 547 1294 indole
569 1231 684 1290 totam
704 1218 781 1291 fere
805 1222 929 1294 latere.
981 1223 1080 1299 Hinc
1104 1229 1267 1304 Horatius:

175 1313 178 1322 ¹
211 1327 297 1421 llil
322 1331 356 1397 in
374 1326 547 1419 juvencis,
575 1318 620 1410 est
641 1323 676 1389 in
698 1325 785 1409 equis
799 1334 933 1414 patrum
954 1328 1087 1396 uirtus:
1110 1345 1171 1400 ner
1185 1331 1272 1400 imici·

230 1411 292 1500 lein
311 1421 435 1516 feroces
449 1430 660 1514 progenerant
683 1420 797 1508 aquilo
821 1415 1005 1494 columbam.
1044 1421 1171 1518 Vulgo
1197 1425 1271 1518 opti·

230 1546 290 1597 mc
305 1534 432 1596 notum
449 1514 512 1599 est,
538 1535 613 1585 non
632 1511 723 1584 adeo
741 1515 1138 1612 vegetosgrandesque
1151 1521 1271 1596 soetusr

209 1643 309 1695 -non
331 1615 461 1689 adultis
484 1610 657 1704 jumentis
679 1609 712 1682 &
737 1612 936 1703 pecudibus
957 1616 1151 1712 progigni,
1178 1643 1217 1694 ac
1239 1621 1272 1694 rb

230 1718 317 1804 illis,
342 1734 420 1806 quoe
436 1710 562 1804 iustam
576 1703 1274 1802 aet'atemuirumquefirmitudinemcon·

229 1815 358 1889 secuto
385 1809 507 1896 suere3
542 1807 626 1879 hinc
653 1805 834 1896 vidimus,
869 1809 1009 1897 vitulos
1037 1817 1270 1909 agnelloque,

229 1905 322 2006 quos
337 1923 469 1998 matres
490 1903 704 1999 juniores&
723 1904 925 1999 primiparae
941 1909 1111 2000 pariunt,
1137 1915 1271 1988 debilio

107 2063 113 2077 ,
170 1993 183 2024 ’
228 2034 286 2086 res
301 2007 406 2095 fieri,
432 2004 610 2096 ideoque,
624 2076 625 2079 ,
637 2016 676 2074 ut
692 2002 812 2076 minus
825 1986 1272 2105 sitalesssegregantur&

83 2137 85 2144 ·
225 2106 424 2198 moliantur
442 2105 485 2176 ab
504 2099 717 2198 oeconomis.
747 2175 750 2184 ,
768 2099 811 2172 ln
836 2124 1050 2198 rinaquaque
1074 2107 1154 2180 sere
1170 2113 1267 2204 regio

93 2205 97 2213 ’
225 2231 274 2284 ne
300 2203 429 2300 populi
455 2201 602 2313 globum
631 2211 738 2290 atque
763 2201 1032 2276 multitudinem
1054 2205 1269 2282 constituunt

226 2305 416 2388 roricolae,
442 2319 575 2392 quique
599 2310 729 2382 terram
754 2293 865 2370 variis
889 2299 1006 2392 modis
1025 2303 1170 2378 colunt.
1216 2307 1269 2394 Hi,

123 2453 131 2468 .
226 2405 310 2476 dum
329 2419 479 2473 uxorem
504 2398 663 2482 ducunt,
686 2393 782 2467 suum
805 2393 998 2486 sequuntur
1019 2399 1188 2493 genium,
1213 2427 1270 2478 nec

226 2519 317 2591 opes
333 2497 439 2566 anxie
459 2505 645 2584 querunt,
675 2513 744 2601 pec
757 2493 879 2564 multis
898 2493 1019 2586 procis
1038 2501 1192 2590 petitam
1208 2503 1270 2576 He·

224 2599 365 2680 lenam,
390 2609 467 2664 non
490 2589 633 2662 nobiles
661 2603 851 2664 atavorum
873 2590 1068 2687 imagines,
1093 2595 1153 2670 sed
1169 2617 1270 2674 matu

223 2715 300 2768 ram
325 2687 579 2784 robustamque
606 2686 784 2779 quandam
812 2689 988 2784 uirginem
1016 2691 1080 2789 fibi
1112 2695 1269 2790 poscunt,

222 2813 323 2887 que,
353 2787 468 2861 labori
500 2783 664 2872 adsueta,
699 2783 933 2879 desideratam
956 2787 1027 2861 illis
1049 2813 1163 2886 opem
1185 2796 1270 2870 serre

219 2889 354 2986 potest.
409 2883 692 2980 O-pulentiorum
712 2905 802 2956 vero
820 2886 948 2958 molles
973 2900 1082 2980 atque
1104 2889 1270 2966 delicatu-

174 3004 176 3010 ’
219 2990 263 3061 1ae
292 2983 398 3072 filiae,
430 2984 519 3056 licet
545 2981 682 3078 morbis
708 2980 785 3054 sere
808 2981 1025 3074 consumto,
1061 2990 1270 3072 aluxnriosr

162 3165 168 3178 ,
217 3085 426 3158 ambiuntur
444 3101 661 3176 procorum,¹
687 3079 1179 3180 valetudinariommforte,
1205 3105 1268 3162 tur·

215 3183 278 3270 ba,
295 3181 464 3271 milleque
479 3191 661 3278 amantum
674 3175 826 3270 suspiriis
836 3177 1078 3273 precibusque
1099 3199 1266 3278 expetun-

215 3292 286 3353 tur.
335 3277 392 3350 llli
413 3277 518 3350 soetrrs
539 3275 706 3368 corporis
726 3271 899 3444 firmipate
922 3290 1075 3352 caeteros
1091 3281 1264 3374 prestant,

131 3461 133 3465 ⁸
215 3378 278 3468 qui
304 3378 478 3468 genituro,
495 3373 687 3446 nascuntur
708 3372 818 3454 confi,
840 3385 923 3446 ente
946 3395 1016 3448 nec
1036 3377 1172 3468 debili,
1198 3403 1266 3475 que

170 3550 172 3558 ,
214 3473 394 3566 sepissime
413 3471 622 3545 absorbetur
640 3483 748 3563 atque
758 3469 993 3560 [secerniturt
1012 3475 1109 3548 unde
1125 3479 1266 3552 fervens

162 3575 166 3578 ’
214 3572 391 3667 igneaque
408 3593 523 3644 venus
549 3565 721 3644 redditur.
771 3565 912 3641 Contra
934 3569 1168 3663 adolescens,
1193 3577 1265 3650 liui-

80 3735 84 3749 ,
206 3668 335 3744 dinosa
353 3663 1262 3760 juventuredzponutionibossyphititictsenervis,

209 3767 365 3842 amissam
382 3767 556 3860 geniture
574 3765 648 3836 vim
664 3764 729 3836 vix
743 3778 955 3862 recuperat,
978 3765 1033 3855 dr,
1059 3767 1171 3866 jugati
1192 3783 1263 3844 tm.

192 3866 294 3950 olem,
305 3866 464 3952 thalamo
479 3861 638 3958 jundtus,
664 3857 964 3953 intemperantius
977 3861 1181 3961 affidueque
1194 3867 1264 3942 cul·

96 4045 111 4064 .-
195 3951 412 4040 ‘iovemos
427 3983 550 4060 poenas
568 3958 642 4050 dat,
670 3959 847 4054 liberique
861 3959 939 4055 ejus
953 3963 1063 4062 miseri
1072 3963 1263 4156 puilt'pfppp
