2690 4722
239 262 342 372 ⁵0⁶.
419 299 421 304 .
524 241 675 326 CANIS
703 242 1049 326 remitteris.

338 419 469 514 Ungues
494 423 678 516 convexi,
704 423 848 496 modice
870 421 1070 516 compressi,
1099 427 1229 517 obtufi‚
1257 428 1295 502 in
1333 489 1340 517 ,,

233 518 403 591 omnibus
424 518 545 614 digitis
570 521 659 614 fixi,
689 543 781 614 quos
799 523 863 594 vix
879 521 1053 612 retrahit,
1081 521 1166 596 hinc
1188 527 1296 604 obtu‘·
1336 550 1340 628 3

234 618 345 690 fiores'
374 617 544 688 evadunt.
1339 637 1340 653 i

333 735 442 804 Carada
464 729 685 822 cylindrica,
711 731 841 823 pedum
868 731 944 806 iere
968 713 1223 829 longitudine,¹
1255 738 1296 812 sr-
1333 807 1337 812 .

235 825 444 908 nistrorsum
462 831 675 916 recurvata,
701 829 783 922 pilis
800 829 951 921 vestita,
978 855 1080 926 quam
1100 835 1222 908 hilaris
1238 857 1293 909 re·
1333 843 1340 850 ”

235 938 385 1016 eruunt,
413 926 562 998 timidus
578 943 670 997 vero
687 925 783 1000 inter
798 929 936 1004 femora
959 929 1120 1004 infletur.
1292 925 1297 933 ’
1339 936 1340 952 ’

333 1047 482 1118 Stratum
515 1043 684 1116 vestitum
715 1047 835 1138 quoad
862 1063 1010 1144 partem.
1075 1041 1297 1147 Piuputium'
1337 1011 1340 1050 ἶ

234 1143 505 1238 prominulum,
535 1140 716 1214 vestitum.
1006 1165 1009 1176 ’
1187 1164 1195 1242 ζ
1337 1228 1340 1248 1

337 1253 491 1331 Mammae
509 1257 546 1331 in
563 1257 711 1332 Femina
726 1259 865 1347 decem,
883 1278 1035 1350 quorum
1050 1259 1109 1334 sex
1127 1263 1162 1336 in
1181 1264 1297 1336 abdo·
1339 1263 1340 1272 '

234 1357 354 1446 mine,
380 1373 535 1449 quatuor
553 1356 589 1428 in
608 1356 767 1450 periore.
819 1355 871 1426 At
889 1358 926 1428 in
944 1357 1107 1432 Mascuio
1123 1349 1298 1436 Mammae'
1338 1428 1340 1446 ἶ

233 1466 376 1530 tantum
394 1454 454 1528 sex
476 1454 513 1527 in
533 1453 750 1545 abdomine,
777 1454 814 1528 in
831 1454 978 1547 penore
997 1479 1087 1528 vero
1109 1459 1227 1530 nuliae.
1338 1467 1340 1533 j

330 1597 410 1670 Tot
428 1611 525 1670 notae
542 1597 713 1690 speciales
735 1597 858 1691 Curris,
882 1597 964 1670 satis
981 1598 1154 1694 superque
1172 1603 1295 1678 osten·
1339 1627 1340 1669 i

235 1698 340 1789 dunt,
362 1695 557 1769 varietates
575 1697 674 1767 datas
694 1717 769 1770 non
787 1693 1006 1770 constituere
1022 1697 1202 1774 distinttas
1217 1701 1296 1794 spe·

235 1795 322 1869 cies.
370 1791 426 1866 Ex
448 1793 539 1866 datis
566 1795 673 1886 etjam
693 1796 898 1890 colligitur„
928 1797 1088 1868 Verrncns
1109 1801 1297 1872 naturaies
1339 1825 1340 1838 ¹

234 1892 269 1966 dr
294 1897 434 1965 Suturus
455 1887 623 1979 velleris,
649 1891 811 1983 minime,
836 1890 889 1965 uti
906 1892 1092 1988 hucusque
1110 1918 1130 1966 a
1151 1896 1298 1970 Zooio·
1339 1925 1340 1934 ¹

234 1991 289 2087 gis
326 1989 494 2062 omnibus
529 1985 682 2084 fatuum,
722 1989 761 2066 in
791 1989 1033 2084 descriptione
1067 1993 1298 2070 Animalium
1339 2025 1340 2066 ;

234 2085 501 2184 pretereundas
525 2083 605 2160 eiie.
1339 2122 1340 2128 Ν

542 2459 545 2466 λ
572 2401 591 2476 1
615 2403 656 2478 N
680 2403 717 2478 G
739 2400 773 2478 E
795 2402 818 2476 S
843 2400 879 2474 T
906 2402 952 2475 Α.
1040 2409 1043 2416 ’

331 2554 391 2629 Ex
414 2543 577 2630 dentium
600 2553 773 2629 strudura
796 2553 903 2628 facile
926 2554 1145 2629 concludere
1171 2559 1300 2651 poii'u·
1339 2575 1340 2584 ³

233 2669 327 2744 rrius,
351 2653 449 2747 quod
467 2653 598 2726 animal
613 2652 655 2728 sit
672 2655 924 2740 carnivorum3
955 2675 1031 2726 non
1050 2677 1139 2727 vero
1158 2677 1299 2734 omnes
1339 2741 1340 2760 χ

233 2752 375 2846 appetit
387 2749 544 2838 Carnes3
568 2751 716 2824 testatur
729 2751 939 2843 quotidiana
949 2751 1188 2846 experientia,
1205 2778 1302 2834 eum
1339 2815 1340 2842 2

232 2851 336 2924 Aves
356 2848 479 2922 viroso
495 2849 609 2921 odore
620 2849 769 2922 inferias
779 2870 855 2922 non
864 2851 1039 2923 tolerare:
1063 2873 1094 2922 e.
1105 2871 1138 2945 g.
1160 2853 1300 2947 Cotym·
1339 2869 1340 2872 ’

233 2953 294 3022 heu
310 2951 448 3022 nutans
466 2948 578 3040 giobo
596 2945 786 3040 peremtus,
808 2968 857 3019 ex
874 2969 964 3040 aqua
980 2969 1055 3020 non
1072 2965 1302 3040 apportatur
1339 3033 1340 3046 χ

234 3045 370 3118 acane
384 3044 568 3136 aquatico,
590 3045 653 3136 qui
671 3045 813 3136 quidem
831 3045 950 3138 primo
966 3045 1097 3118 insultu
1117 3048 1227 3121 avide
1253 3052 1301 3125 ii·
1339 3063 1340 3070 ’

232 3144 307 3216 lum
328 3141 533 3234 prehendit,
550 3164 637 3216 mox
654 3156 773 3215 tamen
789 3142 837 3214 ob
855 3141 1005 3215 odorem
1023 3141 1209 3222 adversum
1229 3149 1301 3223 de-

232 3239 368 3326 mittit;
405 3239 451 3312 irc
478 3238 608 3312 offibus
624 3240 784 3313 anserum
808 3260 884 3311 non
909 3239 1086 3330 vescitur,
1112 3240 1301 3322 &multo

233 3337 353 3413 minus
373 3335 564 3431 Accipitre,
593 3339 717 3424 Cornu,
741 3341 893 3426 ceruice,
920 3337 1081 3431 aliisque.
1134 3337 1303 3420 Naturae
1339 3335 1340 3350 ³

231 3434 374 3510 Auctor
400 3431 644 3526 sapientissime
662 3435 735 3508 hoc
757 3431 867 3508 modo
888 3435 1020 3507 odoras
1038 3435 1099 3509 has
1117 3457 1231 3529 aves,
1261 3441 1303 3518 dt
1339 3493 1340 3534 ,

233 3531 411 3626 imprimis
438 3553 606 3624 rapaces,
650 3555 678 3604 a
699 3533 817 3604 morsu
841 3529 1010 3606 Ferarum
1043 3535 1302 3616 convivarum
1339 3555 1340 3598 ³

234 3631 269 3702 u
297 3627 479 3723 rapacium
505 3629 694 3720 liberavit,
726 3651 802 3722 quae
829 3631 914 3703 alias
941 3631 1011 3703 iliis
1035 3629 1213 3724 saepissime
1239 3639 1303 3712 ci·

233 3729 303 3801 bus
338 3725 450 3802 cisent
481 3726 705 3800 commodos.
782 3723 891 3799 Teste
918 3725 966 3800 D.
994 3729 1043 3800 D.
1079 3730 1302 3812 Hassrsn·

234 3843 412 3920 Qursr,
450 3824 529 3896 itin.
552 3823 681 3916 palaest.
711 3847 791 3918 232.
829 3825 867 3898 in
893 3827 980 3898 urbe
1002 3823 1133 3916 Cairo,
1170 3827 1303 3926 singu.
1339 3899 1340 3906 ,

233 3923 279 4000 lis
299 3921 425 4012 annis,
457 3921 608 3995 canibus
635 3921 811 4016 stipendia
826 3923 983 4017 dantur,
1009 3923 1139 4016 quibus
1164 3931 1301 4020 quoti·
