2678 4756
310 216 331 354 'y
394 223 670 307 doersum.
979 247 1053 322 541

20 377 238 496 torreretur.
292 411 428 490 Omnia
442 415 518 488 bec
534 413 713 502 nutriunt,
739 404 923 488 differebti
937 401 1081 508 tamen'

20 513 135 598 modo,
162 509 267 604 quod
284 511 322 585 in
338 512 533 606 pecoribus
556 513 695 608 optime
713 511 953 606 conspicitur,
980 533 1060 605 que
1166 565 1177 602 v.

20 609 229 686 succulentus
256 607 378 684 astate
402 609 564 704 plantas,
588 611 719 702 hyeme
742 631 834 682 vero
855 607 982 684 secum
996 609 1065 686 foe·.

24 706 346 794 nmconsumunt3
374 710 478 782 alvus
500 709 597 782 enim
617 710 727 781 boum
747 707 900 800 hyeme,
930 707 1061 782 alicco

25 807 125 897 leno,
149 805 265 892 duras
294 803 669 895 aellatevaro‚-1axa‚
696 827 716 878 a
728 804 887 902 gramine
905 803 1058 883 receuti.

24 903 122 978 Urina
137 905 298 990 horum,
324 923 389 996 per
408 903 596 996 hyemem,
621 902 803 979 uberioris
825 901 875 978 est
889 901 1062 976 sedimen·

22 1003 64 1086 tit
87 1001 202 1076 astate
232 1021 350 1088 vero,
376 999 453 1074 fere
477 1003 623 1075 nullius·
671 999 799 1075 Primis
827 999 954 1073 diebus
977 997 1062 1074 dum

22 1113 129 1172 tenna
145 1111 308 1192 carpunt
321 1097 503 1193 gramina,
535 1100 637 1172 alvos
657 1097 787 1175 blande
810 1099 975 1184 ducitur;
1001 1117 1063 1170 au·
1208 1089 1211 1096 '

23 1209 134 1270 umno
155 1211 305 1284 autem,
331 1217 413 1270 cum
433 1195 534 1270 foeno
550 1217 617 1290 pro
635 1195 770 1288 pabulo
791 1195 998 1286 limosum,
1023 1194 1063 1268 in

23 1293 191 1388 principio
212 1294 426 1386 plerumque
451 1293 524 1366 alvi
553 1291 749 1366 obstrusio
778 1292 945 1386 sequitur.
998 1291 1064 1370 Hie

24 1389 123 1462 berno
144 1405 338 1484 tempore,
371 1389 634 1480 obstrusliones
656 1387 694 1472 in
719 1389 915 1464 visceribus
939 1390 1068 1478 boum,

27 1507 63 1558 er
81 1486 171 1561 slcco
188 1488 266 1562 hoc
284 1488 444 1584 pabulo,
470 1501 707 1584 generantum
740 1507 817 1577 quae
839 1504 958 1561 tamen
975 1487 1065 1580 assti-

26 1604 67 1656 vo
87 1583 178 1674 sole,
216 1607 285 1680 per
309 1584 579 1680 vegetabilium
604 1579 731 1658 succos
760 1583 971 1674 solvuntur3
1002 1583 1068 1658 diu
1117 1656 1120 1665 ,

28 1682 107 1756 enlm
127 1683 273 1758 alaniis
293 1679 617 1772 estobservatum,
643 1685 818 1776 pecorum
842 1682 973 1774 hyeme
999 1701 1065 1754 cae·
1155 1747 1157 1755 ,

29 1773 128 1854 sorum
145 1780 309 1870 viscera,
333 1781 443 1875 paulo
464 1793 549 1854 ante
574 1779 673 1854 veris
692 1777 888 1870 accessum,
915 1799 1068 1854 concre·
1130 1819 1135 1832 ·

30 1875 174 1952 tionibus
208 1878 377 1952 tartareis
409 1891 515 1970 atque
543 1877 740 1952 tuberculis
767 1877 853 1951 hinc
885 1876 970 1952 inde
996 1871 1069 1950 else

31 1969 189 2065 adspersa;
229 1997 314 2050 cum
328 1995 429 2048 ¹vero
456 1973 574 2048 estate
595 1975 716 2048 herbis
737 1974 945 2050 recentibus
967 1971 1067 2068 pasta
1094 1980 1096 1988 ’

31 2065 158 2164 luerint,
182 2094 271 2146 raro
290 2071 366 2148 hec
382 2071 621 2149 inueniuntur
637 2071 749 2146 vitia:
772 2071 870 2164 quod
888 2073 975 2145 olim
990 2075 1067 2166 Syl·

33 2171 113 2256 uus,
146 2167 394 2256 Ettmit'llerus,
430 2171 653 2255 Eusthenius,
684 2169 868 2262 &plures
900 2167 1068 2242 observa-

33 2279 111 2342 runt
159 2267 334 2361 Hincque
347 2265 486 2340 Medici
504 2265 699 2340 chronicas
717 2267 880 2358 morbos,
905 2263 1068 2338 eosdem·

35 2377 89 2448 que
115 2360 438 2458 pertinacilbmor,
481 2363 594 2438 succis
625 2365 850 2457 plantarum,
885 2361 1069 2436 menstruo

38 2459 109 2543 qussi
126 2463 329 2553 catholico,
356 2462 496 2536 solvere
511 2461 727 2536 didicerunt
780 2460 980 2552 Dalekarli‚
1007 2457 1069 2553 qui

38 2559 117 2628 omni
137 2559 214 2636 lere
240 2559 392 2654 vespere
412 2561 513 2654 pulte
534 2557 727 2634 vescuntur
746 2560 950 2646 farinacea,
982 2558 1069 2634 alvo
1207 2603 1210 2618 ·

37 2647 182 2761 labomnt
199 2657 406 2752 obstipam,
432 2667 542 2751 quare
567 2658 899 2751 etiamquecunque
924 2653 1001 2730 sere
1020 2653 1071 2727 se·

37 2757 196 2845 ptissana,
231 2757 319 2852 pani
349 2755 484 2848 butyro
514 2753 610 2828 illito
638 2775 763 2846 aquam
791 2753 1002 2839 effundunt,
1037 2752 1072 2824 da

38 2839 96 2956 hut
107 2850 280 2940 jusculum
293 2851 425 2928 deinde
449 2851 606 2924 sorbent.
655 2852 816 2940 secoro,
844 2873 920 2943 quae
941 2851 1070 2940 hyeme

38 2941 106 3050 pilo
128 2948 330 3026 inconditis
350 2947 623 3024 &densioribus
652 2948 788 3044 bispida
810 2950 1002 3036 videntur,
1026 2967 1071 3018 os·

38 3033 318 3142 llrvotempore‚
345 3047 601 3142 vegetabilium
619 3047 712 3142 quast
734 3047 880 3142 plastica
896 3046 957 3132 vi,
987 3043 1075 3118 niti·'

40 3129 74 3206 dt
89 3137 119 3212 st
137 3146 230 3236 quasi
256 3147 515 3222 reviviscentis
539 3145 709 3220 evadunt.
763 3145 931 3238 Sequitur
951 3144 1073 3234 itaque

40 3225 247 3318 salellionem
266 3235 651 3339 atirm‘vegetabilium
670 3241 744 3316 else·
756 3239 997 3316 necessariam.
1147 3317 1154 3330 ,

120 3436 290 3513 OLERA
316 3436 409 3533 apud
434 3435 651 3511 Diaeteticos
678 3449 955 3528 nuncupantur,
994 3453 1074 3527 que

40 3527 129 3603 cruda
158 3535 191 3608 dt
220 3536 352 3610 viridia
380 3535 603 3609 comedimus
629 3533 880 3630 Vegetabilia,
920 3551 1075 3626 quaeque

39 3623 191 3727 radicum,
216 3631 393 3727 stipitum,
416 3633 603 3722 soliorum,
634 3633 830 3706 aliarumve
844 3631 974 3724 plante
994 3652 1075 3724 par·

39 3723 112 3795 lluna
135 3729 285 3808 nomine
308 3731 465 3826 inlgniri
488 3729 664 3804 adsolent:
691 3729 871 3825 priscique
895 3749 986 3802 vero
1009 3747 1074 3820 per

37 3805 99 3917 hec
121 3822 270 3924 intelligi
294 3830 487 3914 volumus,
519 3819 575 3919 1.)
600 3828 725 3918 Folia,
748 3849 795 3900 ex
817 3826 948 3920 plantis
966 3823 1074 3917 fragi-

37 3903 135 4012 libus,
164 3945 240 4004 nou
265 3926 466 4004 tenacibus.
519 3925 575 4020 a.)
601 3927 659 4004 Eat
684 3923 845 4020 iaspidis
875 3923 936 3999 vel
959 3919 1074 4095 dffib
1317 3961 1318 4018 1

1057 4074 1072 4116 2
1317 4067 1318 4116 a
