2604 4736
305 159 413 238 uus
449 121 755 260 noscamus,
992 183 1061 264 us

23 335 146 411 ninia
185 343 414 438 temporibus
444 337 642 416 noviffimis
668 320 853 416 ac'cell'erit
877 339 963 418 huic
991 343 1082 419 ani-'

24 437 145 508 alium
166 437 349 530 historia,
378 439 554 512 fateamur
576 440 697 530 ultro,
723 435 861 512 neceffe
886 440 959 528 el,
985 459 1066 540 eam

23 535 80 606 rud
100 537 292 628 minoris,
318 559 422 630 quam
442 539 595 630 reliquas
616 536 808 625 scientias,
832 533 901 610 elle
926 537 1062 625 facien,-

23 655 89 721 rm,
120 633 221 710 licet
243 635 405 710 nondum
427 633 642 710 auctoritate
659 632 806 726 publica
824 633 1064 712 constitutum

23 753 46 814 ’,
74 745 123 802 ut
160 733 200 806 in
229 732 421 808 academiis
445 743 676 826 proponatur
695 728 913 806 discentibus
936 739 1063 830 aprd·

23 829 69 900 iis
89 826 352 904 Docentibus.

82 971 299 1047 Historiam
320 963 503 1044 vleIUbl
539 969 711 1044 industrie
745 991 766 1044 a
796 972 1058 1056 Wruauouroo

23 1069 250 1142 :rtradtatam
283 1067 425 1162 egregie
459 1067 590 1141 dehinc
623 1069 864 1144 excoluerunt
908 1073 1060 1174 RuJus,

23 1187 196 1254 tarmus,
228 1165 501 1251 Enwnnnsrus,
529 1164 788 1256 Carmanos,
823 1167 949 1266 Angli,
981 1173 1059 1266 qui·

23 1287 50 1334 ts
76 1265 159 1336 hoc
185 1263 337 1336 nomine
355 1261 504 1335 summas
521 1261 691 1336 debemus
716 1264 859 1360 gratias.
914 1267 982 1343 His
1005 1283 1058 1346 et·

23 1383 57 1434 m
75 1357 327 1434 accensendus
349 1358 401 1432 est
420 1359 450 1440 F
450 1375 634 1434 urscnrus
662 1359 874 1438 Germanus.
1047 1378 1051 1389 ’

82 1483 290 1558 Historiam
310 1483 513 1558 PISCIUM
530 1484 699 1578 princeps
719 1488 932 1580 explanavit
947 1490 1056 1568 Wu-

24 1605 185 1656 cosmus
214 1581 348 1674 &ejus
375 1581 604 1676 Epitomator
626 1581 772 1678 RnJos,
805 1597 883 1678 quae
909 1589 1057 1666 tandem

23 1679 249 1754 uAaraoro
268 1677 426 1752 nostrate
435 1679 650 1768 reformata,
678 1681 714 1753 in
732 1681 884 1778 formam
896 1683 1055 1781 discipli·

23 1803 47 1852 ae
61 1777 210 1852 redatta
230 1775 304 1867 est,
335 1792 442 1870 atque
460 1799 479 1848 a
498 1775 714 1850 Curasarao
737 1777 878 1854 demum
896 1784 1012 1857 austu.
1043 1809 1051 1835 ⁸
1112 1781 1117 1788 ’

86 1901 149 1976 Ad
166 1899 352 1974 historiam
370 1897 708 1974 INSECTORUM
725 1901 964 2004 illustrandam
984 1929 1052 2000 pro
1092 1919 1094 1923 ’

24 2013 74 2070 ata
95 1999 337 2072 contulerunt
363 1997 626 2091 Mortuerum
659 1995 927 2090 Gerebamus,
950 2003 1052 2078 Ma:-
1130 2061 1138 2072 ,

23 2117 143 2186 urar,
174 2095 378 2200 Ambus,
402 2093 578 2184 Rouana,
604 2095 788 2188 Walter,
825 2097 1050 2178 Sumuntu-

23 2215 108 2280 oru,
136 2191 507 2286 Lrsrau‚Fn1scu,
543 2192 600 2264 sed
630 2193 826 2287 praeprimis
851 2196 978 2270 Galliae
1009 2199 1051 2273 il-

23 2291 65 2362 rud
88 2293 198 2368 decus
223 2291 508 2379 licentiosius,
545 2291 649 2382 cujus
678 2290 870 2366 laudabilia
899 2293 1052 2391 vestigia
1113 2319 1116 2330 ·

24 2390 161 2462 audabili
184 2387 302 2461 studio
320 2387 438 2482 preffit
459 2385 627 2460 Nobiliss.
658 2409 710 2462 nr
732 2389 844 2463 Gaea
872 2391 1056 2491 nostras..

91 2513 253 2588 Historia
269 2511 521 2586 VERMIUM
540 2511 617 2584 filet
632 2511 775 2604 adhuc,
801 2515 965 2606 quamvis
988 2515 1048 2590 Tr·
1108 2546 1111 2562 ·

24 2613 114 2701 lum,
146 2634 213 2706 per
235 2611 504 2699 maenarum,
528 2609 788 2700 nouandum,
813 2609 1046 2708 Lrsrannm,

24 2707 244 2798 latinarum,
280 2707 579 2799 Gouurranuru,
612 2707 953 2808 Aaoanvmmum,
984 2718 1046 2786 'ex-
1164 2707 1173 2726 '

24 2807 106 2894 pulta
126 2805 168 2880 lit
188 2827 267 2888 non
288 2804 543 2898 perfundlorie.

97 2930 209 3004 lmmo
241 2950 331 3002 vero
360 2927 566 3020 Principum
587 2926 658 3020 J'am
683 2923 944 3022 Europaeorum
970 2949 1043 3004 ma-

24 3025 93 3100 rina
109 3029 158 3102 est
181 3030 374 3120 voluptas,
401 3039 443 3097 ut
459 3024 583 3098 Musca
604 3022 814 3115 instituant,
840 3039 947 3118 atque
971 3027 1066 3101 illis=

24 3123 251 3216 semiorbem,
279 3123 468 3218 prasertim
491 3143 571 3195 cum
591 3121 667 3194 hac
693 3121 936 3197 dilucidillrme
964 3123 1047 3200 infi-

24 3222 108 3297 nitam
125 3225 197 3298 Dei
219 3221 351 3318 optimi
375 3219 522 3296 maximi
548 3221 743 3314 loquantur
771 3219 978 3314 sapientiam
999 3243 1046 3296 ac

25 3324 204 3408 potentiam.
331 3353 336 3361 ·

94 3457 226 3552 ltaque,
244 3455 297 3530 uti
320 3477 365 3530 ex
381 3453 677 3538 antecedentibus
695 3453 731 3528 id
747 3469 868 3554 patet,
894 3459 1045 3546 historia

35 3550 273 3649 Quadrupedum
289 3554 475 3628 minimum
500 3551 551 3628 est
569 3553 775 3642 elaborata,
797 3555 885 3654 licet
903 3563 1044 3640 ceteris
1072 3551 1076 3576 '

36 3643 86 3719 hac
101 3653 200 3748 longe
225 3651 405 3742 excellant
430 3650 691 3739 animantibus3
730 3649 850 3748 Mihi,
876 3680 956 3736 cum
976 3659 1044 3736 hac

34 3747 202 3840 tenpestate
216 3750 322 3824 latius
339 3747 525 3842 exspatiari
543 3769 620 3822 non
636 3747 769 3841 liceat,
797 3773 907 3830 unum
925 3757 1059 3832 omni,

33 3845 498 4019 rufnimchulum'attentius
518 3845 748 4018 corrig-erare
761 3851 957 3966 proposui³
981 3876 1042 3951 cu·

90 3968 139 4018 on.
177 3949 238 4024 Vn·
376 3988 379 3995 ·
428 3957 431 3966 “
982 3953 1040 4048 jus

784 4098 805 4149 ὓ
