2606 4748
268 196 337 254 ιω
574 110 1008 250 uus'poncreuus.

455 281 462 317 l

178 379 182 392 ·
264 351 435 445 denduru,
452 355 515 440 ne,
531 347 745 425 vestimenta
764 351 982 442 annuendo,
997 349 1131 447 hospiti
1149 351 1284 432 darontu

238 476 242 484 Α
262 449 433 532 inferant.
486 447 585 522 Inter
601 448 776 537 edendum
795 449 988 543 aliquoties
1005 449 1149 546 quidem
1164 450 1284 528 bibunt

263 546 323 623 sed
339 545 463 641 postea
479 543 614 620 diutius
623 544 813 624 masticant
826 547 997 638 cortices,
1015 546 1156 641 stipites
1165 550 1224 622 vel
1238 553 1284 624 cul

263 665 359 732 mos,
383 658 489 738 atque
505 643 574 715 alia
591 645 702 736 ίῑεεει,ἡ
717 645 810 719 levis
824 645 1036 720 nutrimenti
1052 645 1183 720 edulia.
1222 642 1284 722 Cor

261 741 449 818 Frumenti
468 740 537 814 illis
554 762 663 836 grano
680 742 927 838 porriguntur,
945 765 1055 818 unum
1071 743 1223 818 omnino
1235 765 1284 840 gra

262 863 349 918 num
367 862 432 913 ore
451 839 656 932 recipiunt,
681 840 777 932 quod
799 835 967 914 dentibus
989 841 1208 935 primoribus
1224 841 1283 916 inci

262 935 375 1028 dunt,
402 952 592 1030 antequam
609 938 806 1010 molaribus
823 951 1028 1013 conterant.
1080 933 1201 1032 Caput
1219 939 1284 1012 into

261 1034 516 1112 masticandum
542 1032 672 1110 surfirnr
697 1034 730 1107 ἃ
755 1035 917 1109 deorsum
944 1037 1141 1123 notitam,
1183 1035 1284 1132 &gru

261 1155 348 1210 num
366 1132 454 1206 istud
468 1131 659 1233 diligenter
674 1131 830 1206 manium
845 1131 988 1207 tandeni
1001 1131 1216 1228 deglutiunt
1255 1132 1284 1204 E·

261 1231 388 1304 dentes
414 1245 533 1306 autern
557 1229 878 1323 nunquanstant,
913 1229 972 1306 sed
995 1228 1130 1306 sedent.
1183 1227 1284 1304 Sedent

260 1329 368 1423 etjam
388 1326 545 1422 semper,
568 1326 632 1400 nili
649 1328 709 1399 vel
735 1330 919 1402 ambulent
943 1328 1002 1402 vel
1020 1341 1189 1416 currant;
1214 1347 1284 1420 apa·

259 1425 316 1502 stu
341 1424 429 1518 sepe
450 1425 585 1498 diutius
605 1423 765 1500 sedentes
785 1424 991 1519 quiescunt,
1024 1439 1101 1499 tum
1126 1447 1216 1498 vero
1235 1427 1284 1496 ritu

260 1527 427 1617 leporum
450 1523 657 1611 ruminant,
686 1545 758 1616 quo
787 1521 931 1598 ailumta
959 1523 996 1598 in
1024 1523 1284 1616 liquidiorend

260 1621 483 1698 subtiliorem
510 1621 677 1712 chymutn
701 1621 876 1716 redigant.
933 1624 1053 1698 Potum
1076 1620 1149 1693 illis
1169 1615 1284 1716 gratili-

259 1741 355 1796 rnum
372 1717 513 1814 prestat
524 1715 598 1790 Lac
613 1739 754 1802 recens,
776 1717 863 1792 licet
880 1718 914 1793 ἃ
930 1717 1036 1811 Aqua
1052 1717 1216 1792 contenti
1228 1718 1284 1790 int

233 1839 235 1844 ·
255 1817 367 1910 Aqua
386 1837 453 1910 pro
478 1830 569 1910 potu
587 1814 696 1888 debet
713 1815 780 1889 elle
802 1815 949 1910 limpida
967 1816 1001 1889 dr
1016 1837 1129 1910 pura;
1165 1815 1198 1888 si
1215 1832 1284 1886 vero

258 1913 390 2008 hyeme
407 1935 497 2007 aqua
511 1912 695 2008 stagnans,
720 1911 782 1986 sub
798 1915 912 2008 glacie
928 1916 1017 2008 saepe
1033 1912 1181 2001 flenda,
1205 1935 1224 1986 e
1246 1909 1284 2003 pl-

258 2012 365 2086 scinis
390 2010 471 2107 ipsrs
493 2009 727 2105 propinetur,
756 2011 839 2084 inde
866 2011 967 2085 febre
986 2011 1020 2083 u
1036 2011 1209 2084 diarrboea
1224 2027 1284 2080 cor·

257 2109 439 2203 ripiuntur
461 2107 494 2181 dr
519 2119 692 2201 pereunt,
716 2108 769 2180 uti
793 2107 928 2200 jadera
951 2109 1106 2206 plurium
1134 2104 1281 2182 constitit

259 2205 444 2304 Quidquid
467 2220 584 2280 autern
603 2204 785 2299 potulenti
806 2205 868 2296 fit,
902 2204 990 2280 illud
1008 2204 1148 2280 exserta
1164 2205 1281 2298 lingua,

257 2303 368 2382 instar
395 2305 518 2378 felium
550 2300 756 2392 sorbillant,
790 2303 968 2378 interdurn
999 2300 1280 2396 frequentioribus

259 2395 573 2500 deglutitidnibus‚
593 2397 772 2476 interdum
789 2400 909 2497 capite
922 2401 979 2476 bis
999 2402 1061 2476 vel
1074 2415 1132 2476 ter
1143 2395 1274 2475 interde

256 2501 479 2599 glutiendum
504 2499 663 2575 elevato.

354 2716 491 2791 Motus.-
515 2709 681 2789 reriilime
699 2712 801 2785 lento
817 2708 928 2806 gradu
943 2703 1133 2798 incedunt,
1158 2715 1277 2785 currunt

255 2837 349 2891 vero
362 2813 443 2886 satis
456 2811 648 2920 velociter,
666 2810 775 2902 pedes
788 2807 1007 2900 posteriores
1014 2827 1146 2920 parurn
1160 2809 1276 2880 elenau·

255 2927 332 3004 tes,
357 2913 424 2986 fitu
444 2929 610 3002 corporrs
633 2905 866 2981 horizontali.
927 2903 1130 2998 conjugem
1150 2906 1275 3000 plerun-

256 3033 325 3106 que
348 3025 431 3084 ante
459 3007 492 3080 se
510 3005 589 3100 ¹ugit
613 3005 773 3078 maritus.
822 3002 866 3078 In
890 3001 1126 3076 discurrendo
1145 3000 1276 3096 pariere

254 3107 470 3202 potitiimurn
498 3107 642 3200 legunt,
678 3102 856 3190 latebras,
888 3097 1086 3194 angustias,
1116 3099 1275 3195 speluncas

254 3205 450 3298 inquirunt.
501 3199 612 3305 Quod
635 3197 807 3272 lrsoenum
826 3197 1061 3270 aut'stranren
1085 3197 1166 3291 ipsrs
1187 3191 1274 3284 adpo

253 3303 365 3391 nitur,
391 3304 428 3376 in
446 3299 521 3396 ipio
538 3297 727 3371 cuniculos
744 3309 874 3390 agunt,
899 3294 937 3368 in
955 3295 1083 3387 quibus
1099 3285 1274 3387 quietissirri

253 3400 476 3474 delitescunt.
528 3393 726 3484 securitate
747 3393 771 3467 sr
796 3391 865 3465 frui
885 3391 1013 3481 liceat,
1042 3391 1141 3465 omni
1164 3387 1273 3462 scilicet

253 3497 401 3590 strepitu
423 3508 589 3583 remoto,
615 3490 747 3564 somma
773 3511 854 3564 curn
879 3489 1038 3586 agilitate
1063 3490 1199 3581 aliquot
1218 3477 1271 3588 ρπβ

253 3594 308 3668 sus
334 3605 573 3688 procurrunt,
612 3610 699 3662 mox
724 3587 929 3676 subsistunt,
963 3587 1174 3678 arredlisque
1200 3597 1271 3653 aut·

251 3694 319 3766 bus
337 3692 555 3778 autlultant,
578 3687 764 3778 numquid
783 3685 932 3779 periculi
953 3684 1076 3772 subit,
1088 3697 1171 3756 tunt
1187 3693 1270 3758 veto,

251 3794 274 3864 fi
296 3790 381 3884 quid
399 3790 457 3863 vel
474 3784 642 3861 leviiiime
663 3783 867 3877 crepuerit,
893 3779 1128 3876 pernieiffirno
1146 3767 1268 3852 srecursu

250 3889 293 3962 ad
319 3882 702 3963 latebraseonierunt.
760 3880 898 3979 Singuli
924 3878 1062 3976 semper
1092 3879 1166 3952 fere
1193 3873 1282 3950 lnce-t

1184 3965 1264 4052 dunt
1281 4049 1282 4098 ἶ
