<?xml version="1.0" encoding="UTF-8"?>
<!DOCTYPE html PUBLIC "-//W3C//DTD XHTML 1.0 Transitional//EN"
    "http://www.w3.org/TR/xhtml1/DTD/xhtml1-transitional.dtd">
<html xmlns="http://www.w3.org/1999/xhtml" xml:lang="en" lang="en">
 <head>
  <title>
</title>
<meta http-equiv="Content-Type" content="text/html;charset=utf-8" />
  <meta name='ocr-system' content='tesseract 3.04.00' />
  <meta name='ocr-capabilities' content='ocr_page ocr_carea ocr_par ocr_line ocrx_word'/>
</head>
<body>
  <div class='ocr_page' id='page_1' title='image "./carolialinnequi07schrgoog_0477.png"; bbox 0 0 2602 4750; ppageno 0'>
   <div class='ocr_carea' id='block_1_1' title="bbox 269 207 1100 338">
    <p class='ocr_par' dir='ltr' id='par_1_1' title="bbox 269 207 1100 338">
     <span class='ocr_line' id='line_1_1' title="bbox 269 207 1100 338; baseline -0.007 -46"><span class='ocrx_word' id='word_1_1' title='bbox 269 237 349 338; x_wconf 13' lang='lat'><strong>&#39;474</strong></span> <span class='ocrx_word' id='word_1_2' title='bbox 490 207 1100 326; x_wconf 25' lang='lat' dir='ltr'><strong>,uuoxpmousrxruuusrs</strong></span> 
     </span>
    </p>
   </div>
   <div class='ocr_carea' id='block_1_2' title="bbox 266 397 1277 690">
    <p class='ocr_par' dir='ltr' id='par_1_2' title="bbox 266 397 1277 690">
     <span class='ocr_line' id='line_1_2' title="bbox 276 397 1273 498; baseline 0.004 -24"><span class='ocrx_word' id='word_1_3' title='bbox 276 401 350 474; x_wconf 88' lang='lat' dir='ltr'><strong>rito</strong></span> <span class='ocrx_word' id='word_1_4' title='bbox 371 397 541 498; x_wconf 61' lang='lat' dir='ltr'><strong>dixerisp</strong></span> <span class='ocrx_word' id='word_1_5' title='bbox 554 397 623 490; x_wconf 72' lang='lat' dir='ltr'><strong>qui</strong></span> <span class='ocrx_word' id='word_1_6' title='bbox 651 397 688 474; x_wconf 79' lang='lat' dir='ltr'><strong>in</strong></span> <span class='ocrx_word' id='word_1_7' title='bbox 709 397 866 492; x_wconf 82' lang='lat' dir='ltr'><strong>Phyficis</strong></span> <span class='ocrx_word' id='word_1_8' title='bbox 887 397 1061 489; x_wconf 84' lang='lat' dir='ltr'><strong>summua,</strong></span> <span class='ocrx_word' id='word_1_9' title='bbox 1094 401 1131 476; x_wconf 91' lang='lat' dir='ltr'><strong>in</strong></span> <span class='ocrx_word' id='word_1_10' title='bbox 1149 401 1273 478; x_wconf 82' lang='lat' dir='ltr'><strong>Patholo</strong></span> 
     </span>
     <span class='ocr_line' id='line_1_3' title="bbox 275 493 1277 592; baseline 0.008 -24"><span class='ocrx_word' id='word_1_11' title='bbox 275 497 367 592; x_wconf 83' lang='lat' dir='ltr'><strong>ginis</strong></span> <span class='ocrx_word' id='word_1_12' title='bbox 394 495 557 570; x_wconf 86' lang='lat' dir='ltr'><strong>omnium</strong></span> <span class='ocrx_word' id='word_1_13' title='bbox 589 493 781 588; x_wconf 81' lang='lat' dir='ltr'>Princeps,</span> <span class='ocrx_word' id='word_1_14' title='bbox 817 497 1005 592; x_wconf 78' lang='lat' dir='ltr'><strong>enigmata</strong></span> <span class='ocrx_word' id='word_1_15' title='bbox 1028 498 1168 572; x_wconf 86' lang='lat' dir='ltr'><strong>avariis</strong></span> <span class='ocrx_word' id='word_1_16' title='bbox 1194 499 1277 576; x_wconf 82' lang='lat' dir='ltr'><strong>Scien-</strong></span> 
     </span>
     <span class='ocr_line' id='line_1_4' title="bbox 266 591 1275 690; baseline 0.002 -22"><span class='ocrx_word' id='word_1_17' title='bbox 266 596 406 684; x_wconf 75' lang='lat' dir='ltr'><strong>jtiarum</strong></span> <span class='ocrx_word' id='word_1_18' title='bbox 428 591 634 667; x_wconf 83' lang='lat' dir='ltr'><strong>Academiis</strong></span> <span class='ocrx_word' id='word_1_19' title='bbox 658 593 841 684; x_wconf 88' lang='lat' dir='ltr'><strong>propofita</strong></span> <span class='ocrx_word' id='word_1_20' title='bbox 866 595 1088 686; x_wconf 74' lang='lat' dir='ltr'><strong>emicavit,</strong></span> <span class='ocrx_word' id='word_1_21' title='bbox 1107 596 1221 690; x_wconf 85' lang='lat' dir='ltr'><strong>quibus</strong></span> <span class='ocrx_word' id='word_1_22' title='bbox 1240 619 1275 670; x_wconf 88' lang='lat' dir='ltr'><strong>er·</strong></span> 
     </span>
    </p>
   </div>
   <div class='ocr_carea' id='block_1_3' title="bbox 132 688 1278 789">
    <p class='ocr_par' dir='ltr' id='par_1_3' title="bbox 132 688 1278 789">
     <span class='ocr_line' id='line_1_5' title="bbox 132 688 1278 789; baseline 0 -21"><span class='ocrx_word' id='word_1_23' title='bbox 132 703 137 728; x_wconf 81' lang='lat'><em>¹</em></span> <span class='ocrx_word' id='word_1_24' title='bbox 275 688 448 768; x_wconf 87' lang='lat' dir='ltr'><strong>tricandis</strong></span> <span class='ocrx_word' id='word_1_25' title='bbox 464 713 539 764; x_wconf 88' lang='lat' dir='ltr'><strong>non</strong></span> <span class='ocrx_word' id='word_1_26' title='bbox 560 689 623 764; x_wconf 85' lang='lat' dir='ltr'><strong>nili</strong></span> <span class='ocrx_word' id='word_1_27' title='bbox 645 690 939 784; x_wconf 85' lang='lat' dir='ltr'><strong>Sauvagelianum</strong></span> <span class='ocrx_word' id='word_1_28' title='bbox 957 692 1139 789; x_wconf 78' lang='lat' dir='ltr'>ingenium</span> <span class='ocrx_word' id='word_1_29' title='bbox 1160 695 1278 786; x_wconf 79' lang='lat' dir='ltr'><strong>parsuli</strong></span> 
     </span>
    </p>
   </div>
   <div class='ocr_carea' id='block_1_4' title="bbox 227 778 1285 1368">
    <p class='ocr_par' dir='ltr' id='par_1_4' title="bbox 227 778 1285 1368">
     <span class='ocr_line' id='line_1_6' title="bbox 269 778 1279 886; baseline 0 -20"><span class='ocrx_word' id='word_1_30' title='bbox 269 780 347 878; x_wconf 54' lang='lat' dir='ltr'><strong>&#39;set;</strong></span> <span class='ocrx_word' id='word_1_31' title='bbox 374 790 434 866; x_wconf 89' lang='lat' dir='ltr'><strong>ille</strong></span> <span class='ocrx_word' id='word_1_32' title='bbox 458 778 702 864; x_wconf 83' lang='lat' dir='ltr'><strong>rescuscitavit</strong></span> <span class='ocrx_word' id='word_1_33' title='bbox 717 787 913 882; x_wconf 85' lang='lat' dir='ltr'><strong>Monspelii</strong></span> <span class='ocrx_word' id='word_1_34' title='bbox 937 789 1002 864; x_wconf 89' lang='lat' dir='ltr'><strong>diu</strong></span> <span class='ocrx_word' id='word_1_35' title='bbox 1021 789 1184 886; x_wconf 74' lang='lat' dir='ltr'>sepultam</span> <span class='ocrx_word' id='word_1_36' title='bbox 1205 791 1279 866; x_wconf 78' lang='lat' dir='ltr'><strong>uon·</strong></span> 
     </span>
     <span class='ocr_line' id='line_1_7' title="bbox 267 884 1276 982; baseline -0.004 -18"><span class='ocrx_word' id='word_1_37' title='bbox 267 887 405 977; x_wconf 71' lang='lat' dir='ltr'><strong>niceo,</strong></span> <span class='ocrx_word' id='word_1_38' title='bbox 432 884 591 982; x_wconf 85' lang='lat' dir='ltr'><strong>&amp;hujus</strong></span> <span class='ocrx_word' id='word_1_39' title='bbox 615 907 727 977; x_wconf 89' lang='lat' dir='ltr'><strong>opera</strong></span> <span class='ocrx_word' id='word_1_40' title='bbox 747 887 913 960; x_wconf 89' lang='lat' dir='ltr'><strong>obscuras</strong></span> <span class='ocrx_word' id='word_1_41' title='bbox 936 891 1132 964; x_wconf 82' lang='lat' dir='ltr'><strong>etiamnum</strong></span> <span class='ocrx_word' id='word_1_42' title='bbox 1153 887 1276 962; x_wconf 82' lang='lat' dir='ltr'><strong>aullrrler</strong></span> 
     </span>
     <span class='ocr_line' id='line_1_8' title="bbox 275 982 1276 1082; baseline 0 -24"><span class='ocrx_word' id='word_1_43' title='bbox 275 988 414 1082; x_wconf 86' lang='lat' dir='ltr'>plantas</span> <span class='ocrx_word' id='word_1_44' title='bbox 441 984 519 1056; x_wconf 87' lang='lat' dir='ltr'><strong>iore</strong></span> <span class='ocrx_word' id='word_1_45' title='bbox 536 982 768 1072; x_wconf 83' lang='lat' dir='ltr'><strong>dilucidatas,</strong></span> <span class='ocrx_word' id='word_1_46' title='bbox 800 983 964 1058; x_wconf 87' lang='lat' dir='ltr'><strong>dubitare</strong></span> <span class='ocrx_word' id='word_1_47' title='bbox 989 985 1176 1061; x_wconf 81' lang='lat' dir='ltr'><strong>nonlicet</strong></span> <span class='ocrx_word' id='word_1_48' title='bbox 1216 985 1276 1058; x_wconf 84' lang='lat' dir='ltr'><strong>ll&#39;on</strong></span> 
     </span>
     <span class='ocr_line' id='line_1_9' title="bbox 227 1081 1276 1178; baseline -0.007 -18"><span class='ocrx_word' id='word_1_49' title='bbox 227 1087 230 1096; x_wconf 87' lang='lat'>&#39;</span> <span class='ocrx_word' id='word_1_50' title='bbox 275 1086 347 1160; x_wconf 85' lang='lat' dir='ltr'><strong>fine</strong></span> <span class='ocrx_word' id='word_1_51' title='bbox 387 1083 624 1176; x_wconf 73' lang='lat' dir='ltr'><strong>admiratione</strong></span> <span class='ocrx_word' id='word_1_52' title='bbox 660 1081 798 1173; x_wconf 83' lang='lat' dir='ltr'><strong>inspexi</strong></span> <span class='ocrx_word' id='word_1_53' title='bbox 835 1085 1041 1178; x_wconf 83' lang='lat' dir='ltr'><strong>complures</strong></span> <span class='ocrx_word' id='word_1_54' title='bbox 1084 1085 1158 1178; x_wconf 81' lang='lat' dir='ltr'><strong>ejus</strong></span> <span class='ocrx_word' id='word_1_55' title='bbox 1191 1085 1276 1158; x_wconf 82' lang='lat' dir='ltr'><strong>literas</strong></span> 
     </span>
     <span class='ocr_line' id='line_1_10' title="bbox 275 1177 1285 1272; baseline -0.002 -16"><span class='ocrx_word' id='word_1_56' title='bbox 275 1181 320 1256; x_wconf 91' lang='lat' dir='ltr'><strong>ad</strong></span> <span class='ocrx_word' id='word_1_57' title='bbox 338 1180 388 1254; x_wconf 88' lang='lat' dir='ltr'><strong>N.</strong></span> <span class='ocrx_word' id='word_1_58' title='bbox 413 1179 487 1254; x_wconf 90' lang='lat' dir='ltr'><strong>Dn.</strong></span> <span class='ocrx_word' id='word_1_59' title='bbox 505 1177 687 1254; x_wconf 81' lang='lat' dir='ltr'><strong>Prafidem</strong></span> <span class='ocrx_word' id='word_1_60' title='bbox 710 1177 831 1270; x_wconf 88' lang='lat' dir='ltr'><strong>datas,</strong></span> <span class='ocrx_word' id='word_1_61' title='bbox 857 1203 935 1272; x_wconf 78' lang='lat' dir='ltr'><strong>que</strong></span> <span class='ocrx_word' id='word_1_62' title='bbox 952 1199 1080 1258; x_wconf 84' lang='lat' dir='ltr'><strong>omnes</strong></span> <span class='ocrx_word' id='word_1_63' title='bbox 1096 1181 1285 1262; x_wconf 79' lang='lat' dir='ltr'><strong>refertdima</strong></span> 
     </span>
     <span class='ocr_line' id='line_1_11' title="bbox 274 1274 1279 1368; baseline -0.006 -14"><span class='ocrx_word' id='word_1_64' title='bbox 274 1279 356 1354; x_wconf 90' lang='lat' dir='ltr'><strong>sunt</strong></span> <span class='ocrx_word' id='word_1_65' title='bbox 374 1279 527 1352; x_wconf 82' lang='lat' dir='ltr'><strong>maxime</strong></span> <span class='ocrx_word' id='word_1_66' title='bbox 547 1275 694 1364; x_wconf 78' lang='lat' dir='ltr'><strong>curiosis</strong></span> <span class='ocrx_word' id='word_1_67' title='bbox 722 1274 1039 1354; x_wconf 86' lang='lat' dir='ltr'><strong>observationibus</strong></span> <span class='ocrx_word' id='word_1_68' title='bbox 1056 1277 1279 1368; x_wconf 60' lang='lat' dir='ltr'><strong>Bounimai</strong></span> 
     </span>
    </p>
   </div>
   <div class='ocr_carea' id='block_1_5' title="bbox 140 1373 1285 1470">
    <p class='ocr_par' dir='ltr' id='par_1_5' title="bbox 140 1373 1285 1470">
     <span class='ocr_line' id='line_1_12' title="bbox 140 1373 1285 1470; baseline -0.003 -21"><span class='ocrx_word' id='word_1_69' title='bbox 140 1434 142 1442; x_wconf 93' lang='lat'>.</span> <span class='ocrx_word' id='word_1_70' title='bbox 275 1376 471 1470; x_wconf 88' lang='lat' dir='ltr'><strong>inquibus</strong></span> <span class='ocrx_word' id='word_1_71' title='bbox 505 1377 611 1449; x_wconf 84' lang='lat' dir='ltr'><strong>etiam</strong></span> <span class='ocrx_word' id='word_1_72' title='bbox 649 1373 851 1468; x_wconf 84' lang='lat' dir='ltr'><strong>percensuit</strong></span> <span class='ocrx_word' id='word_1_73' title='bbox 883 1375 1003 1470; x_wconf 88' lang='lat' dir='ltr'><strong>plures</strong></span> <span class='ocrx_word' id='word_1_74' title='bbox 1035 1378 1193 1465; x_wconf 85' lang='lat' dir='ltr'><strong>Plantas,</strong></span> <span class='ocrx_word' id='word_1_75' title='bbox 1221 1394 1285 1468; x_wconf 50' lang='lat' dir='ltr'><strong>quas¹</strong></span> 
     </span>
    </p>
   </div>
   <div class='ocr_carea' id='block_1_6' title="bbox 220 1469 1285 1744">
    <p class='ocr_par' dir='ltr' id='par_1_6' title="bbox 220 1469 1285 1744">
     <span class='ocr_line' id='line_1_13' title="bbox 274 1469 1277 1570; baseline -0.002 -21"><span class='ocrx_word' id='word_1_76' title='bbox 274 1475 372 1549; x_wconf 85' lang='lat' dir='ltr'><strong>circa</strong></span> <span class='ocrx_word' id='word_1_77' title='bbox 400 1473 643 1568; x_wconf 84' lang='lat' dir='ltr'><strong>Monlpclium</strong></span> <span class='ocrx_word' id='word_1_78' title='bbox 677 1471 847 1567; x_wconf 84' lang='lat' dir='ltr'><strong>collegit,</strong></span> <span class='ocrx_word' id='word_1_79' title='bbox 884 1475 1072 1570; x_wconf 89' lang='lat' dir='ltr'><strong>postquam</strong></span> <span class='ocrx_word' id='word_1_80' title='bbox 1107 1496 1191 1568; x_wconf 84' lang='lat' dir='ltr'><strong>opus</strong></span> <span class='ocrx_word' id='word_1_81' title='bbox 1214 1469 1277 1546; x_wconf 87' lang='lat' dir='ltr'><strong>ium</strong></span> 
     </span>
     <span class='ocr_line' id='line_1_14' title="bbox 220 1567 1285 1668; baseline -0.003 -24"><span class='ocrx_word' id='word_1_82' title='bbox 220 1609 221 1612; x_wconf 13' lang='grc' dir='ltr'><strong><em>κ</em></strong></span> <span class='ocrx_word' id='word_1_83' title='bbox 273 1575 514 1668; x_wconf 83' lang='lat' dir='ltr'><strong>vulgaverat,</strong></span> <span class='ocrx_word' id='word_1_84' title='bbox 537 1591 695 1666; x_wconf 80' lang='lat' dir='ltr'><strong>quasque</strong></span> <span class='ocrx_word' id='word_1_85' title='bbox 717 1569 909 1662; x_wconf 76' lang='lat' dir='ltr'><strong>adeollruic</strong></span> <span class='ocrx_word' id='word_1_86' title='bbox 934 1575 1064 1650; x_wconf 81' lang='lat' dir='ltr'><strong>nostra</strong></span> <span class='ocrx_word' id='word_1_87' title='bbox 1090 1571 1207 1667; x_wconf 89' lang='lat' dir='ltr'><strong>opella</strong></span> <span class='ocrx_word' id='word_1_88' title='bbox 1221 1567 1261 1644; x_wconf 89' lang='lat' dir='ltr'><strong>inl</strong></span> <span class='ocrx_word' id='word_1_89' title='bbox 1269 1606 1285 1624; x_wconf 65' lang='lat'><strong>.,</strong></span> 
     </span>
     <span class='ocr_line' id='line_1_15' title="bbox 274 1692 1285 1744; baseline -0.003 0"><span class='ocrx_word' id='word_1_90' title='bbox 274 1692 405 1744; x_wconf 87' lang='lat' dir='ltr'><strong>remus.</strong></span> <span class='ocrx_word' id='word_1_91' title='bbox 533 1701 536 1709; x_wconf 94' lang='lat'><em>·</em></span> <span class='ocrx_word' id='word_1_92' title='bbox 1284 1693 1285 1712; x_wconf 52' lang='lat'>¹</span> 
     </span>
    </p>
   </div>
   <div class='ocr_carea' id='block_1_7' title="bbox 218 1859 1285 2644">
    <p class='ocr_par' dir='ltr' id='par_1_7' title="bbox 218 1859 1285 2644">
     <span class='ocr_line' id='line_1_16' title="bbox 368 1859 1277 1957; baseline -0.01 -17"><span class='ocrx_word' id='word_1_93' title='bbox 368 1860 592 1940; x_wconf 82' lang='lat' dir='ltr'><strong>Perlustratia</strong></span> <span class='ocrx_word' id='word_1_94' title='bbox 616 1859 745 1937; x_wconf 90' lang='lat' dir='ltr'><strong>horum</strong></span> <span class='ocrx_word' id='word_1_95' title='bbox 769 1863 925 1938; x_wconf 87' lang='lat' dir='ltr'><strong>duorum</strong></span> <span class='ocrx_word' id='word_1_96' title='bbox 947 1863 1113 1938; x_wconf 87' lang='lat' dir='ltr'><strong>virorum</strong></span> <span class='ocrx_word' id='word_1_97' title='bbox 1136 1859 1277 1957; x_wconf 79' lang='lat' dir='ltr'><strong>operitur,</strong></span> 
     </span>
     <span class='ocr_line' id='line_1_17' title="bbox 218 1957 1277 2055; baseline -0.001 -18"><span class='ocrx_word' id='word_1_98' title='bbox 218 1976 222 1981; x_wconf 83' lang='grc'><strong>’</strong></span> <span class='ocrx_word' id='word_1_99' title='bbox 273 1984 319 2038; x_wconf 84' lang='lat' dir='ltr'><strong>eo</strong></span> <span class='ocrx_word' id='word_1_100' title='bbox 333 1961 483 2040; x_wconf 83' lang='lat' dir='ltr'><strong>confilio</strong></span> <span class='ocrx_word' id='word_1_101' title='bbox 503 1971 544 2032; x_wconf 89' lang='lat' dir='ltr'><strong>ut</strong></span> <span class='ocrx_word' id='word_1_102' title='bbox 558 1957 641 2034; x_wconf 90' lang='lat' dir='ltr'><strong>inde</strong></span> <span class='ocrx_word' id='word_1_103' title='bbox 658 1959 933 2043; x_wconf 87' lang='lat' dir='ltr'><strong>determinarem</strong></span> <span class='ocrx_word' id='word_1_104' title='bbox 950 1961 1107 2055; x_wconf 85' lang='lat' dir='ltr'><strong>plantas,</strong></span> <span class='ocrx_word' id='word_1_105' title='bbox 1131 1977 1277 2048; x_wconf 72' lang='lat' dir='ltr'><strong>eamme</strong></span> 
     </span>
     <span class='ocr_line' id='line_1_18' title="bbox 272 2057 1276 2150; baseline -0.003 -14"><span class='ocrx_word' id='word_1_106' title='bbox 272 2061 422 2136; x_wconf 89' lang='lat' dir='ltr'><strong>nomina</strong></span> <span class='ocrx_word' id='word_1_107' title='bbox 440 2057 619 2147; x_wconf 88' lang='lat' dir='ltr'><strong>trivialia,</strong></span> <span class='ocrx_word' id='word_1_108' title='bbox 643 2081 719 2132; x_wconf 90' lang='lat' dir='ltr'><strong>non</strong></span> <span class='ocrx_word' id='word_1_109' title='bbox 738 2060 836 2133; x_wconf 91' lang='lat' dir='ltr'><strong>nulla</strong></span> <span class='ocrx_word' id='word_1_110' title='bbox 853 2071 1091 2134; x_wconf 87' lang='lat' dir='ltr'><strong>occurrerunt</strong></span> <span class='ocrx_word' id='word_1_111' title='bbox 1115 2057 1276 2150; x_wconf 75' lang='lat' dir='ltr'><strong>inMaguo</strong></span> 
     </span>
     <span class='ocr_line' id='line_1_19' title="bbox 272 2156 1276 2250; baseline -0.009 -17"><span class='ocrx_word' id='word_1_112' title='bbox 272 2159 311 2233; x_wconf 90' lang='lat' dir='ltr'><strong>lii</strong></span> <span class='ocrx_word' id='word_1_113' title='bbox 335 2157 537 2242; x_wconf 82' lang='lat' dir='ltr'><strong>Romuleo,</strong></span> <span class='ocrx_word' id='word_1_114' title='bbox 563 2175 640 2248; x_wconf 81' lang='lat' dir='ltr'><strong>que</strong></span> <span class='ocrx_word' id='word_1_115' title='bbox 662 2177 739 2250; x_wconf 82' lang='lat' dir='ltr'><strong>pon</strong></span> <span class='ocrx_word' id='word_1_116' title='bbox 761 2156 852 2240; x_wconf 87' lang='lat' dir='ltr'><strong>adeo</strong></span> <span class='ocrx_word' id='word_1_117' title='bbox 877 2157 1056 2230; x_wconf 83' lang='lat' dir='ltr'><strong>extricare</strong></span> <span class='ocrx_word' id='word_1_118' title='bbox 1077 2156 1196 2246; x_wconf 86' lang='lat' dir='ltr'><strong>licuit,</strong></span> <span class='ocrx_word' id='word_1_119' title='bbox 1215 2173 1276 2244; x_wconf 76' lang='lat' dir='ltr'><strong>que</strong></span> 
     </span>
     <span class='ocr_line' id='line_1_20' title="bbox 272 2247 1285 2351; baseline -0.006 -21"><span class='ocrx_word' id='word_1_120' title='bbox 272 2261 350 2351; x_wconf 84' lang='lat' dir='ltr'><strong>que‘</strong></span> <span class='ocrx_word' id='word_1_121' title='bbox 368 2257 451 2328; x_wconf 91' lang='lat' dir='ltr'><strong>ideo</strong></span> <span class='ocrx_word' id='word_1_122' title='bbox 477 2255 521 2330; x_wconf 87' lang='lat' dir='ltr'><strong>ad</strong></span> <span class='ocrx_word' id='word_1_123' title='bbox 544 2253 679 2350; x_wconf 85' lang='lat' dir='ltr'><strong>calcem</strong></span> <span class='ocrx_word' id='word_1_124' title='bbox 700 2253 806 2347; x_wconf 85' lang='lat' dir='ltr'><strong>hujus</strong></span> <span class='ocrx_word' id='word_1_125' title='bbox 830 2253 953 2350; x_wconf 87' lang='lat' dir='ltr'><strong>operis</strong></span> <span class='ocrx_word' id='word_1_126' title='bbox 973 2253 1171 2348; x_wconf 88' lang='lat' dir='ltr'><strong>adponam,</strong></span> <span class='ocrx_word' id='word_1_127' title='bbox 1193 2273 1226 2324; x_wconf 87' lang='lat' dir='ltr'><strong>ea</strong></span> <span class='ocrx_word' id='word_1_128' title='bbox 1239 2247 1285 2342; x_wconf 50' lang='lat' dir='ltr'><strong>ipe¹</strong></span> 
     </span>
     <span class='ocr_line' id='line_1_21' title="bbox 270 2345 1276 2440; baseline -0.011 -11"><span class='ocrx_word' id='word_1_129' title='bbox 270 2357 405 2440; x_wconf 86' lang='lat' dir='ltr'><strong>fretus,</strong></span> <span class='ocrx_word' id='word_1_130' title='bbox 433 2368 474 2425; x_wconf 91' lang='lat' dir='ltr'><strong>ut</strong></span> <span class='ocrx_word' id='word_1_131' title='bbox 490 2349 680 2425; x_wconf 81' lang='lat' dir='ltr'><strong>indefessus</strong></span> <span class='ocrx_word' id='word_1_132' title='bbox 703 2349 1053 2428; x_wconf 81' lang='lat' dir='ltr'>SAUVAGESIUS</span> <span class='ocrx_word' id='word_1_133' title='bbox 1075 2351 1176 2428; x_wconf 88' lang='lat' dir='ltr'><strong>brevi</strong></span> <span class='ocrx_word' id='word_1_134' title='bbox 1198 2369 1229 2422; x_wconf 85' lang='lat' dir='ltr'><strong>aa</strong></span> <span class='ocrx_word' id='word_1_135' title='bbox 1243 2345 1276 2418; x_wconf 89' lang='lat' dir='ltr'><strong>iu·</strong></span> 
     </span>
     <span class='ocr_line' id='line_1_22' title="bbox 265 2447 1277 2544; baseline -0.007 -20"><span class='ocrx_word' id='word_1_136' title='bbox 265 2451 425 2544; x_wconf 56' lang='lat' dir='ltr'><strong>‚vestiget</strong></span> <span class='ocrx_word' id='word_1_137' title='bbox 442 2451 474 2521; x_wconf 83' lang='lat' dir='ltr'><strong>dc</strong></span> <span class='ocrx_word' id='word_1_138' title='bbox 491 2449 691 2524; x_wconf 89' lang='lat' dir='ltr'><strong>accuratius</strong></span> <span class='ocrx_word' id='word_1_139' title='bbox 708 2447 870 2542; x_wconf 86' lang='lat' dir='ltr'><strong>deliniat,</strong></span> <span class='ocrx_word' id='word_1_140' title='bbox 898 2473 1004 2543; x_wconf 90' lang='lat' dir='ltr'><strong>quarn</strong></span> <span class='ocrx_word' id='word_1_141' title='bbox 1017 2451 1080 2524; x_wconf 92' lang='lat' dir='ltr'><strong>suo</strong></span> <span class='ocrx_word' id='word_1_142' title='bbox 1098 2471 1177 2524; x_wconf 81' lang='lat' dir='ltr'><strong>avo</strong></span> <span class='ocrx_word' id='word_1_143' title='bbox 1194 2448 1277 2524; x_wconf 79' lang='lat' dir='ltr'><strong>facere</strong></span> 
     </span>
     <span class='ocr_line' id='line_1_23' title="bbox 270 2546 1285 2644; baseline -0.005 -23"><span class='ocrx_word' id='word_1_144' title='bbox 270 2546 633 2644; x_wconf 86' lang='lat' dir='ltr'><strong>potuitMagnolius.</strong></span> <span class='ocrx_word' id='word_1_145' title='bbox 1284 2581 1285 2596; x_wconf 46' lang='lat' dir='ltr'><strong>r</strong></span> 
     </span>
    </p>
   </div>
   <div class='ocr_carea' id='block_1_8' title="bbox 256 2717 1285 4023">
    <p class='ocr_par' dir='ltr' id='par_1_8' title="bbox 256 2717 1285 4023">
     <span class='ocr_line' id='line_1_24' title="bbox 331 2717 1279 2836; baseline -0.013 -20"><span class='ocrx_word' id='word_1_146' title='bbox 331 2717 337 2736; x_wconf 52' lang='lat'>⁸</span> <span class='ocrx_word' id='word_1_147' title='bbox 366 2739 602 2818; x_wconf 89' lang='lat' dir='ltr'><strong>Conferendo</strong></span> <span class='ocrx_word' id='word_1_148' title='bbox 616 2743 709 2816; x_wconf 87' lang='lat' dir='ltr'><strong>hanc</strong></span> <span class='ocrx_word' id='word_1_149' title='bbox 727 2763 842 2816; x_wconf 88' lang='lat' dir='ltr'><strong>meam</strong></span> <span class='ocrx_word' id='word_1_150' title='bbox 857 2739 1001 2817; x_wconf 83' lang='lat' dir='ltr'><strong>Floram</strong></span> <span class='ocrx_word' id='word_1_151' title='bbox 1019 2731 1279 2836; x_wconf 84' lang='lat' dir='ltr'><strong>Mouspelienim</strong></span> 
     </span>
     <span class='ocr_line' id='line_1_25' title="bbox 269 2833 1277 2930; baseline -0.018 -12"><span class='ocrx_word' id='word_1_152' title='bbox 269 2865 348 2918; x_wconf 92' lang='lat' dir='ltr'><strong>cum</strong></span> <span class='ocrx_word' id='word_1_153' title='bbox 360 2841 467 2917; x_wconf 87' lang='lat' dir='ltr'><strong>Flora</strong></span> <span class='ocrx_word' id='word_1_154' title='bbox 477 2839 658 2930; x_wconf 81' lang='lat' dir='ltr'><strong>Suecana3</strong></span> <span class='ocrx_word' id='word_1_155' title='bbox 685 2839 891 2930; x_wconf 86' lang='lat' dir='ltr'><strong>observavi,</strong></span> <span class='ocrx_word' id='word_1_156' title='bbox 908 2841 1050 2914; x_wconf 83' lang='lat' dir='ltr'><strong>tertiam</strong></span> <span class='ocrx_word' id='word_1_157' title='bbox 1063 2839 1200 2914; x_wconf 84' lang='lat' dir='ltr'><strong>circiter</strong></span> <span class='ocrx_word' id='word_1_158' title='bbox 1209 2833 1277 2905; x_wconf 85' lang='lat' dir='ltr'><strong>Plan</strong></span> 
     </span>
     <span class='ocr_line' id='line_1_26' title="bbox 268 2935 1285 3031; baseline -0.011 -18"><span class='ocrx_word' id='word_1_159' title='bbox 268 2958 382 3016; x_wconf 88' lang='lat' dir='ltr'><strong>tarum</strong></span> <span class='ocrx_word' id='word_1_160' title='bbox 401 2939 541 3012; x_wconf 85' lang='lat' dir='ltr'><strong>Partem</strong></span> <span class='ocrx_word' id='word_1_161' title='bbox 570 2949 804 3012; x_wconf 75' lang='lat' dir='ltr'><strong>communem·</strong></span> <span class='ocrx_word' id='word_1_162' title='bbox 819 2937 954 3012; x_wconf 88' lang='lat' dir='ltr'><strong>habere</strong></span> <span class='ocrx_word' id='word_1_163' title='bbox 972 2935 1207 3031; x_wconf 87' lang='lat' dir='ltr'><strong>Monspelium</strong></span> <span class='ocrx_word' id='word_1_164' title='bbox 1223 2947 1285 3002; x_wconf 84' lang='lat' dir='ltr'><strong>cuu</strong></span> 
     </span>
     <span class='ocr_line' id='line_1_27' title="bbox 267 3031 1277 3130; baseline -0.006 -21"><span class='ocrx_word' id='word_1_165' title='bbox 267 3039 415 3125; x_wconf 74' lang='lat' dir='ltr'><strong>Suesia,</strong></span> <span class='ocrx_word' id='word_1_166' title='bbox 435 3056 579 3126; x_wconf 85' lang='lat' dir='ltr'><strong>easque,</strong></span> <span class='ocrx_word' id='word_1_167' title='bbox 603 3032 688 3109; x_wconf 86' lang='lat' dir='ltr'><strong>fiad</strong></span> <span class='ocrx_word' id='word_1_168' title='bbox 704 3036 1094 3130; x_wconf 81' lang='lat' dir='ltr'><strong>stationesplantarum</strong></span> <span class='ocrx_word' id='word_1_169' title='bbox 1114 3031 1277 3128; x_wconf 74' lang='lat' dir='ltr'><strong>exigantur.</strong></span> 
     </span>
     <span class='ocr_line' id='line_1_28' title="bbox 267 3127 1276 3230; baseline -0.005 -24"><span class='ocrx_word' id='word_1_170' title='bbox 267 3135 335 3206; x_wconf 85' lang='lat' dir='ltr'><strong>elle</strong></span> <span class='ocrx_word' id='word_1_171' title='bbox 356 3136 415 3207; x_wconf 90' lang='lat' dir='ltr'><strong>vel</strong></span> <span class='ocrx_word' id='word_1_172' title='bbox 430 3135 632 3226; x_wconf 73' lang='lat' dir='ltr'><strong>Apamiam,</strong></span> <span class='ocrx_word' id='word_1_173' title='bbox 657 3135 717 3206; x_wconf 88' lang='lat' dir='ltr'><strong>vel</strong></span> <span class='ocrx_word' id='word_1_174' title='bbox 733 3131 1001 3230; x_wconf 71' lang='lat' dir='ltr'><strong>Nrmrosarvel</strong></span> <span class='ocrx_word' id='word_1_175' title='bbox 1027 3131 1179 3224; x_wconf 87' lang='lat' dir='ltr'><strong>denique</strong></span> <span class='ocrx_word' id='word_1_176' title='bbox 1200 3127 1276 3201; x_wconf 81' lang='lat' dir='ltr'><strong>llrdr·</strong></span> 
     </span>
     <span class='ocr_line' id='line_1_29' title="bbox 265 3223 1277 3324; baseline -0.006 -22"><span class='ocrx_word' id='word_1_177' title='bbox 265 3239 362 3304; x_wconf 81' lang='lat' dir='ltr'><strong>raler.</strong></span> <span class='ocrx_word' id='word_1_178' title='bbox 427 3229 608 3323; x_wconf 79' lang='lat' dir='ltr'><strong>Reliquae,</strong></span> <span class='ocrx_word' id='word_1_179' title='bbox 649 3253 725 3324; x_wconf 83' lang='lat' dir='ltr'><strong>quae</strong></span> <span class='ocrx_word' id='word_1_180' title='bbox 754 3229 881 3324; x_wconf 89' lang='lat' dir='ltr'><strong>sponte</strong></span> <span class='ocrx_word' id='word_1_181' title='bbox 917 3231 992 3302; x_wconf 90' lang='lat' dir='ltr'><strong>illic</strong></span> <span class='ocrx_word' id='word_1_182' title='bbox 1020 3229 1197 3314; x_wconf 87' lang='lat' dir='ltr'><strong>crescunt,</strong></span> <span class='ocrx_word' id='word_1_183' title='bbox 1225 3223 1277 3296; x_wconf 75' lang='lat' dir='ltr'><strong>stul</strong></span> 
     </span>
     <span class='ocr_line' id='line_1_30' title="bbox 261 3319 1277 3422; baseline -0.014 -20"><span class='ocrx_word' id='word_1_184' title='bbox 261 3327 384 3422; x_wconf 65' lang='lat' dir='ltr'><strong>,quoad</strong></span> <span class='ocrx_word' id='word_1_185' title='bbox 402 3330 590 3403; x_wconf 85' lang='lat' dir='ltr'><strong>maximam</strong></span> <span class='ocrx_word' id='word_1_186' title='bbox 606 3345 742 3422; x_wconf 86' lang='lat' dir='ltr'><strong>partem</strong></span> <span class='ocrx_word' id='word_1_187' title='bbox 760 3331 862 3419; x_wconf 85' lang='lat' dir='ltr'><strong>tales,</strong></span> <span class='ocrx_word' id='word_1_188' title='bbox 893 3349 969 3422; x_wconf 78' lang='lat' dir='ltr'><strong>quae</strong></span> <span class='ocrx_word' id='word_1_189' title='bbox 986 3327 1153 3400; x_wconf 88' lang='lat' dir='ltr'><strong>Borealcs</strong></span> <span class='ocrx_word' id='word_1_190' title='bbox 1169 3319 1277 3396; x_wconf 75' lang='lat' dir='ltr'><strong>nostros</strong></span> 
     </span>
     <span class='ocr_line' id='line_1_31' title="bbox 263 3422 1285 3522; baseline -0.007 -23"><span class='ocrx_word' id='word_1_191' title='bbox 263 3428 393 3500; x_wconf 89' lang='lat' dir='ltr'><strong>hortos</strong></span> <span class='ocrx_word' id='word_1_192' title='bbox 411 3439 557 3513; x_wconf 85' lang='lat' dir='ltr'><strong>ornant,</strong></span> <span class='ocrx_word' id='word_1_193' title='bbox 584 3426 638 3500; x_wconf 89' lang='lat' dir='ltr'><strong>uti</strong></span> <span class='ocrx_word' id='word_1_194' title='bbox 657 3429 807 3512; x_wconf 76' lang='lat' dir='ltr'><strong>Furnio,</strong></span> <span class='ocrx_word' id='word_1_195' title='bbox 834 3425 995 3522; x_wconf 76' lang='lat' dir='ltr'><strong>Narciffi,</strong></span> <span class='ocrx_word' id='word_1_196' title='bbox 1029 3425 1165 3521; x_wconf 82' lang='lat' dir='ltr'><strong>Tulipa,</strong></span> <span class='ocrx_word' id='word_1_197' title='bbox 1188 3422 1285 3514; x_wconf 58' lang='lat' dir='ltr'><strong>Irrue</strong></span> 
     </span>
     <span class='ocr_line' id='line_1_32' title="bbox 256 3521 1285 3620; baseline -0.017 -24"><span class='ocrx_word' id='word_1_198' title='bbox 256 3529 352 3620; x_wconf 86' lang='lat' dir='ltr'><strong>jum,</strong></span> <span class='ocrx_word' id='word_1_199' title='bbox 388 3528 576 3610; x_wconf 83' lang='lat' dir='ltr'><strong>Gladiolur,</strong></span> <span class='ocrx_word' id='word_1_200' title='bbox 614 3525 847 3616; x_wconf 75' lang='lat' dir='ltr'><strong>Ormrmgda,</strong></span> <span class='ocrx_word' id='word_1_201' title='bbox 883 3523 1125 3620; x_wconf 53' lang='lat' dir='ltr'><strong>Rosmrrinus,</strong></span> <span class='ocrx_word' id='word_1_202' title='bbox 1156 3521 1285 3612; x_wconf 71' lang='lat' dir='ltr'><strong>lenm</strong></span> 
     </span>
     <span class='ocr_line' id='line_1_33' title="bbox 263 3612 1274 3715; baseline 0.002 -19"><span class='ocrx_word' id='word_1_203' title='bbox 263 3623 484 3711; x_wconf 80' lang='lat' dir='ltr'><strong>Loooadnlo,</strong></span> <span class='ocrx_word' id='word_1_204' title='bbox 511 3625 669 3710; x_wconf 74' lang='lat' dir='ltr'><strong>stertas,</strong></span> <span class='ocrx_word' id='word_1_205' title='bbox 696 3621 867 3713; x_wconf 67' lang='lat' dir='ltr'><strong>Satureio,</strong></span> <span class='ocrx_word' id='word_1_206' title='bbox 896 3625 1031 3706; x_wconf 80' lang='lat' dir='ltr'><strong>Salvia,</strong></span> <span class='ocrx_word' id='word_1_207' title='bbox 1063 3614 1205 3715; x_wconf 60' lang='lat' dir='ltr'><strong>Meldia,</strong></span> <span class='ocrx_word' id='word_1_208' title='bbox 1227 3612 1274 3684; x_wconf 70' lang='lat' dir='ltr'><strong>R&#39;l·</strong></span> 
     </span>
     <span class='ocr_line' id='line_1_34' title="bbox 263 3717 1275 3814; baseline -0.012 -22"><span class='ocrx_word' id='word_1_209' title='bbox 263 3737 317 3800; x_wconf 77' lang='lat' dir='ltr'><strong>nr,</strong></span> <span class='ocrx_word' id='word_1_210' title='bbox 348 3723 530 3814; x_wconf 71' lang='lat' dir='ltr'><strong>Pelagium.</strong></span> <span class='ocrx_word' id='word_1_211' title='bbox 580 3718 649 3792; x_wconf 85' lang='lat' dir='ltr'><strong>Sed</strong></span> <span class='ocrx_word' id='word_1_212' title='bbox 667 3739 735 3792; x_wconf 83' lang='lat' dir='ltr'><strong>nec</strong></span> <span class='ocrx_word' id='word_1_213' title='bbox 753 3719 821 3792; x_wconf 84' lang='lat' dir='ltr'><strong>illae</strong></span> <span class='ocrx_word' id='word_1_214' title='bbox 839 3717 985 3804; x_wconf 87' lang='lat' dir='ltr'><strong>desunt,</strong></span> <span class='ocrx_word' id='word_1_215' title='bbox 1015 3741 1115 3809; x_wconf 82' lang='lat' dir='ltr'><strong>qua,</strong></span> <span class='ocrx_word' id='word_1_216' title='bbox 1144 3735 1213 3788; x_wconf 87' lang='lat' dir='ltr'><strong>cum</strong></span> <span class='ocrx_word' id='word_1_217' title='bbox 1232 3727 1275 3780; x_wconf 77' lang='lat' dir='ltr'><strong>no</strong></span> 
     </span>
     <span class='ocr_line' id='line_1_35' title="bbox 262 3809 1275 3912; baseline -0.013 -22"><span class='ocrx_word' id='word_1_218' title='bbox 262 3817 323 3890; x_wconf 89' lang='lat' dir='ltr'><strong>stri</strong></span> <span class='ocrx_word' id='word_1_219' title='bbox 351 3820 429 3894; x_wconf 88' lang='lat' dir='ltr'><strong>coeli</strong></span> <span class='ocrx_word' id='word_1_220' title='bbox 452 3817 587 3911; x_wconf 85' lang='lat' dir='ltr'><strong>frigora</strong></span> <span class='ocrx_word' id='word_1_221' title='bbox 619 3817 693 3908; x_wconf 87' lang='lat' dir='ltr'><strong>pati</strong></span> <span class='ocrx_word' id='word_1_222' title='bbox 721 3835 796 3892; x_wconf 91' lang='lat' dir='ltr'><strong>non</strong></span> <span class='ocrx_word' id='word_1_223' title='bbox 822 3813 971 3908; x_wconf 82' lang='lat' dir='ltr'><strong>pollrnt,</strong></span> <span class='ocrx_word' id='word_1_224' title='bbox 1002 3817 1199 3889; x_wconf 84' lang='lat' dir='ltr'><strong>imminente</strong></span> <span class='ocrx_word' id='word_1_225' title='bbox 1219 3809 1275 3912; x_wconf 77' lang='lat' dir='ltr'><strong>bru·</strong></span> 
     </span>
     <span class='ocr_line' id='line_1_36' title="bbox 261 3901 1285 4023; baseline -0.018 -32"><span class='ocrx_word' id='word_1_226' title='bbox 261 3939 318 3991; x_wconf 88' lang='lat' dir='ltr'><strong>ma</strong></span> <span class='ocrx_word' id='word_1_227' title='bbox 335 3915 402 3991; x_wconf 81' lang='lat' dir='ltr'><strong>sese</strong></span> <span class='ocrx_word' id='word_1_228' title='bbox 422 3915 458 3988; x_wconf 88' lang='lat' dir='ltr'><strong>in</strong></span> <span class='ocrx_word' id='word_1_229' title='bbox 478 3915 709 3990; x_wconf 85' lang='lat' dir='ltr'><strong>hibernacula</strong></span> <span class='ocrx_word' id='word_1_230' title='bbox 732 3912 855 3990; x_wconf 83' lang='lat' dir='ltr'><strong>nostra</strong></span> <span class='ocrx_word' id='word_1_231' title='bbox 873 3913 1004 4023; x_wconf 83' lang='lat' dir='ltr'><strong>abdera</strong></span> <span class='ocrx_word' id='word_1_232' title='bbox 1025 3925 1212 4010; x_wconf 87' lang='lat' dir='ltr'><strong>coguntur:</strong></span> <span class='ocrx_word' id='word_1_233' title='bbox 1234 3901 1285 3974; x_wconf 61' lang='lat' dir='ltr'><strong>pp</strong></span> 
     </span>
    </p>
   </div>
   <div class='ocr_carea' id='block_1_9' title="bbox 0 0 1306 4750">
    <p class='ocr_par' dir='ltr' id='par_1_9' title="bbox 0 0 1306 4750">
     <span class='ocr_line' id='line_1_37' title="bbox 0 0 1306 4750; baseline 0 4"><span class='ocrx_word' id='word_1_234' title='bbox 0 0 1306 4750; x_wconf 95' lang='lat' dir='ltr'><strong> </strong></span> 
     </span>
    </p>
   </div>
  </div>
 </body>
</html>
