2678 4756
203 197 892 328 surcrm'cn'cnrmurmsrum.›
942 344 947 354 ,
1003 181 1075 344 3⁷23

97 463 166 536 34.
196 437 435 514 SPIGELIA
470 430 752 534 (anthelmintirr)
778 429 938 512 Audisse
962 433 1078 514 Brou-

24 541 85 630 io,
115 537 458 612 decantatiffimum
472 535 593 610 existit
611 531 833 610 medicamen
853 549 978 608 contra
998 553 1079 610 ver'·

24 661 99 728 res,
146 635 307 710 scilicet
339 635 490 710 infusum
519 633 639 709 berbae
693 632 898 724 ropinatum
928 629 1080 726 Cynthia

24 737 150 808 [robus
172 733 318 824 quavis
334 755 353 825 3
370 733 509 821 ahora,
533 729 566 804 dr
586 655 715 804 deinde
731 725 891 824 cyathus
904 751 997 804 unus
1011 751 1079 822 pro

24 833 88 906 nir.
164 832 282 906 Hanc
313 833 497 926 medicinas
527 844 630 924 nuper
660 827 800 900 Hrimiae
827 830 1079 902 verminmtidur

25 929 238 1022 arrisseiiri
258 953 330 1004 cam
341 923 487 1026 sucsrffu
506 923 700 1024 prascripfit
718 917 927 1021 experientiff.
951 925 1003 1000 D.
1025 925 1076 1002 D.

24 1033 162 1122 sergius.
363 1062 367 1074 ·
1066 1069 1071 1077 ·

103 1189 123 1258 3
129 1187 167 1256 ς.
197 1158 396 1236 SPIRAEA
419 1157 638 1260 (tritissima).
677 1159 1079 1258 Radicisinpuiveretn

24 1261 143 1336 ’edatii
164 1260 335 1358 scrupuli
353 1259 426 1334 duo
445 1260 575 1336 blande
593 1283 658 1353 per
673 1260 852 1334 vomitum
865 1278 1078 1359 expurgant.

24 1365 242 1554 sszycchlipn.
258 1363 354 1530 ἐσμ
380 1357 528 1456 &aque
546 1370 626 1432 tuto
643 1369 840 1454 operantur
858 1377 902 1477 pc
919 1379 1079 1470 unquam

1067 1558 1073 1592 i

109 1630 173 1718 3⁶·
207 1620 562 1698 PHYTOLACCA
588 1617 833 1717 (nutricum),
870 1645 948 1720 quae
972 1622 1079 1700 imm

24 1722 86 1793 tuit
111 1725 202 1796 inde
228 1723 279 1796 ab
304 1720 415 1794 italia·
431 1719 604 1796 universae
624 1717 780 1815 Europa
802 1742 916 1816 usque
943 1719 986 1796 ad
1010 1744 1077 1798 no·

24 1817 101 1892 mas
125 1833 278 1906 terras,-
308 1834 477 1910 tanquam
497 1818 605 1894 facile
626 1819 770 1891 unicum
794 1818 992 1895 adhucdum
1017 1839 1079 1896 co·

28 1917 156 2008 gnitum
183 1917 493 1990 medicamentum
516 1913 641 1990 efficax
659 1915 702 1988 in
726 1933 881 2005 cancro,
904 1917 929 1991 sr
953 1916 1079 1994 mecm

32 2014 97 2103 ejus
117 2013 310 2112 expressus
332 2013 522 2086 instilletur
541 2013 654 2086 ulceri
672 2011 866 2100 cancroso,
896 2013 956 2106 id,
981 2015 1079 2108 quod
1120 2031 1122 2038 ’

30 2113 154 2184 crebris
182 2110 448 2207 experimentis
469 2124 597 2184 notum
624 2107 675 2183 est
696 2107 944 2202 testatumque.
992 2111 1078 2185 Mo-

31 2209 178 2284 nendnm
199 2225 325 2284 tamen
342 2205 414 2296 est,
440 2205 536 2300 quod
560 2205 583 2280 sr
603 2205 725 2281 succus
746 2225 879 2280 vernus
900 2207 1080 2302 expressus

33 2303 144 2396 fuerit,
167 2307 306 2382 frustra
319 2305 538 2400 adplicetur:
561 2304 659 2380 mitis
675 2302 771 2380 enirn
787 2316 861 2378 mm
877 2299 928 2378 est
945 2307 1078 2380 omnis·

38 2421 93 2490 que
109 2403 326 2478 acrimoniae
344 2425 486 2496 expers,
511 2401 602 2476 adeo
617 2413 670 2492 ut,
692 2399 782 2476 teste
798 2398 920 2476 Celeb.
938 2401 1077 2492 Katane,

38 2499 74 2568 ab
92 2500 326 2576 Americanis
351 2517 424 2574 tum
448 2499 622 2596 temporis
644 2499 739 2573 inter
761 2499 860 2574 olera
884 2499 1079 2596 recipiatur

39 2593 301 2686 &assummum
334 2597 444 2702 Quod
468 2613 587 2672 tamen
610 2593 743 2690 absque
768 2593 968 2672 discrimine
992 2599 1079 2691 uitae

36 2709 101 2766 non
115 2697 232 2772 ausint
251 2697 395 2787 incola,
417 2688 605 2790 postquam
619 2694 688 2768 rite
707 2682 929 2782 adoleverit3
958 2715 1080 2788 qsram·

43 2787 152 2866 obrem
170 2797 286 2866 etiam
304 2791 568 2887 providendum
588 2789 660 2881 est,
691 2791 714 2866 fi
735 2787 858 2864 succus
871 2811 1004 2864 vernus
1017 2813 1079 2864 nc·

43 2885 117 2958 cesse
134 2891 345 2977 habebitur,
369 2903 412 2962 ut
424 2886 548 2982 potius
566 2886 764 2990 ab'radice,
789 2906 894 2982 quam
912 2888 957 2962 ab
969 2886 1078 2964 herba

44 2986 269 3082 exprimatur,
293 2991 361 3064 uid.
379 2989 486 3062 Kalm.
506 2993 600 3062 reim.
615 3007 674 3084 95.

125 3159 182 3232 37.
210 3111 488 3217 rotumam
513 3145 618 3240 (sene
638 3139 681 3233 a)
706 3143 757 3218 est
782 3143 842 3216 sna
864 3143 987 3236 raam,
1009 3155 1079 3240 qur
1211 3147 1217 3173 ¹

43 3225 100 3302 teri
109 3237 317 3313 Americani
329 3241 441 3316 veluti
456 3260 589 3318 arcano
607 3167 801 3336 {suosque
815 3255 942 3316 curant
954 3261 1079 3316 amor·

43 3321 374 3437 sunCrotaiopbori,
398 3337 421 3411 ss
448 3335 516 3412 aiia
535 3339 629 3413 bene
650 3361 725 3412 non
754 3337 927 3411 succedat
973 3337 1078 3414 Hanc

47 3433 139 3533 etium
157 3433 386 3524 postmodum
413 3435 603 3511 Trnnrntius
624 3437 747 3530 insigni
762 3455 840 3509 cum
859 3436 1081 3510 emolumen-

45 3527 79 3586 to
91 3543 123 3595 m
138 3525 298 3604 febribus
317 3532 603 3608 inflammatoriis
618 3533 833 3628 adplicavit,
858 3549 1079 3628 quapropter

48 3609 133 3690 lauto
157 3629 305 3718 praemio
325 3650 354 3702 a
378 3627 604 3704 Parlamcnto
632 3629 876 3723 Pensylvaniae
906 3629 1077 3704 anastatus

49 3709 109 3818 en,
137 3723 291 3817 quippe,
317 3727 376 3818 qui
404 3725 466 3800 vix
490 3725 623 3820 jattura
649 3749 764 3820 gar„
792 3741 936 3802 centum
962 3726 1076 3800 serva·

51 3819 97 3880 vlt
122 3821 366 3910 apleuritide;
401 3823 483 3896 dum
510 3825 595 3900 alias
621 3847 668 3916 50
687 3847 731 3898 ex
757 3848 825 3898 100
854 3822 1076 3916 decesserint,

49 3901 132 3982 sirm
145 3911 249 4014 hujus
264 3921 396 3996 radicis
413 3920 646 4018 negtigentes.
697 3921 819 3998 Fufius
836 3923 880 3996 de
894 3923 949 3996 bis
962 3919 1078 4032 astum

1036 4039 1074 4091 m
