2678 4756
297 235 365 320 538
682 213 956 304 aetrnum.

290 409 386 495 ⁴visti,
418 409 500 511 dum
522 430 657 504 pecora
675 431 757 490 curn
776 412 875 499 seris,
900 435 933 485 e.
950 433 984 504 g.
1002 411 1138 488 Bovem
1152 433 1224 490 curn
1236 415 1285 506 leli,

288 527 555 600 comparamus.
612 509 841 602 vegetabilia
863 508 1044 584 mitiorem
1070 528 1229 606 generant
1248 517 1289 586 uri

274 627 413 692 nani:-
432 627 555 690 carnes
586 626 698 694 vero,
734 607 911 682 acriorem
945 606 1120 704 &magis
1153 609 1292 684 seusun

290 703 390 776 illam
411 701 583 776 reddunt:
612 702 663 776 est
686 705 783 776 enim
806 705 932 796 urina,
956 702 1112 801 salsilago
1140 706 1196 780 illa
1216 707 1293 782 alan·

292 802 401 897 guina
434 813 602 889 excreta,
644 800 845 882 monstrans
876 802 994 894 qualia
1022 803 1212 893 evaserint,
1242 825 1293 896 que

292 897 405 972 masse
421 896 619 992 sanguincae
642 896 721 972 saint
736 898 917 976 admixta.¹
949 901 1179 996 Vegetabilia
1196 901 1289 996 surgui·

291 1018 375 1072 nem
396 994 618 1086 solutiorem,
646 994 781 1070 Carnes
796 1016 886 1068 vero
904 997 1101 1072 densiorem
1116 999 1149 1072 dn
1166 999 1286 1074 rubicu

291 1095 430 1166 diorem
442 1091 616 1176 reddunt:
640 1093 737 1166 unde
751 1093 860 1166 etiam
875 1094 1043 1168 animalia
1057 1097 1233 1170 carnivora
1243 1093 1286 1168 sm

290 1190 493 1276 ferociora:
519 1189 720 1281 Phytivora
741 1203 860 1264 autern
882 1192 1042 1266 mitiora.
1096 1193 1216 1287 Angli,
1234 1193 1289 1264 nul

290 1301 367 1361 tum
395 1285 627 1360 comedentes
650 1285 772 1360 assatas
798 1287 995 1381 crassaeque
1023 1311 1165 1379 carnes,
1190 1288 1292 1384 pierio

281 1385 379 1476 rici,
405 1383 594 1458 rubicundi
611 1383 826 1458 &ardentes
845 1384 944 1472 sunt:
967 1401 1099 1460 contra
1115 1385 1190 1461 Itali
1205 1384 1293 1478 eallid

288 1483 390 1570 sum,
432 1495 539 1575 atque
572 1481 732 1554 molliori
767 1482 977 1575 mitiorique
1008 1479 1172 1578 corporis
1202 1483 1290 1556 habitu

286 1581 456 1678 gaudent.
511 1579 738 1674 Vegetabilia
761 1579 928 1672 corporis
955 1598 1089 1675 augent
1107 1581 1242 1670 molem,
1260 1577 1292 1650 id·

288 1701 358 1772 quc
375 1675 607 1771 ponderosius
620 1697 662 1750 ac
676 1677 718 1749 ad
735 1691 873 1752 motum
892 1677 1027 1751 tardius
1046 1677 1214 1765 efficiunt:
1235 1675 1291 1748 ca·

285 1799 350 1850 arcs
372 1797 485 1863 vero,
517 1773 776 1848 incrementum
795 1775 913 1848 minus
929 1791 1174 1867 promovent,
1194 1775 1290 1848 nnn

287 1894 357 1963 quo
372 1871 459 1943 illud
478 1869 632 1944 reddunt
652 1871 685 1942 δι
702 1872 847 1964 agilius:
877 1871 1108 1946 conseramus
1130 1883 1288 1965 nemperu·

284 1969 396 2045 sticos
419 1968 555 2041 Scaniae
583 1968 811 2062 campestris,
838 1988 990 2061 quorum
1012 1970 1172 2044 alimenti
1192 1981 1290 2062 parm

279 2070 405 2163 ⁴pultes
420 2066 647 2142 constituunt
663 2066 877 2152 maximam,
901 2087 984 2140 curn
1008 2066 1202 2161 Lapponie
1219 2065 1287 2138 ineu·

282 2167 344 2254 lis,
365 2165 534 2237 carnibus
546 2163 736 2260 plurimum
754 2184 822 2257 pro
841 2162 927 2236 cibo
944 2163 1145 2252 utentibus,
1167 2163 1288 2236 dunno

276 2263 362 2337 iirae
389 2259 570 2334 assertioni
601 2260 751 2352 quisque
781 2259 899 2334 statim
922 2262 1050 2336 lubens
1083 2256 1286 2352 subscripserit

284 2360 420 2448 Cibus,
447 2380 492 2430 er
510 2357 773 2449 vegetabilibus
797 2371 962 2451 paratus,
988 2359 1198 2454 Sanguinem
1219 2353 1289 2428 rciri·

273 2468 404 2552 gerat:
437 2476 482 2526 ex
508 2449 684 2527 Carnibus
706 2476 797 2527 vero
826 2453 981 2530 assumtis
1005 2455 1172 2532 humores
1195 2451 1288 2528 surda

271 2551 482 2646 agitantur,
511 2548 544 2620 dr
571 2551 703 2642 putridi
729 2549 840 2626 fiunt:
870 2551 966 2626 unde
990 2553 1026 2626 &a
1055 2553 1214 2628 austrasie:
1231 2567 1287 2644 gen

273 2662 357 2736 nes,
385 2647 553 2720 aestuante
580 2645 734 2722 subrsole
752 2650 943 2744 viventes,
969 2651 1126 2744 plurima
1149 2648 1287 2738 exuere

273 2745 452 2832 ,tabilibus
479 2758 652 2838 promunt
679 2745 888 2838 alimenta:¹
906 2747 989 2846 duna
1008 2741 1286 2844 ·Septerrtrionale

273 2846 490 2944 ¹plerumque
517 2862 643 2916 omnes
670 2843 839 2928 Carnium
871 2842 931 2918 esu
956 2843 1070 2940 tnagis
1095 2843 1286 2932 delebimus,

279 2965 345 3036 per
371 2940 577 3036 longiores,
607 2961 693 3032 quas
720 2941 934 3032 traducunt,
965 2941 1134 3036 hyemes:
1165 2939 1229 3014 En!
1251 2953 1286 3006 ra

279 3040 442 3122 tionem,
464 3037 647 3124 curuos,
680 3051 844 3130 tempore
867 3036 1015 3129 aestivo,
1049 3039 1200 3113 carnium
1221 3025 1284 3106 haul

278 3136 372 3206 bene
390 3132 588 3205 sufferimus
604 3135 720 3222 esum,
744 3135 899 3227 hyemali
919 3157 1034 3224 vero,
1056 3125 1284 3229 optimeerb'u

273 3229 573 3306 convalescimus.
621 3230 759 3321 Imm0,
785 3232 857 3325 ipsa
871 3234 977 3308 etiam
995 3233 1155 3320 Natura,
1178 3231 1284 3304 servet

277 3342 315 3400 te
337 3328 404 3402 sub,
422 3325 538 3418 Sirio,
553 3329 781 3406 ,crebriorem
807 3330 841 3402 u
864 3331 1113 3422 quotidianum
1136 3317 1283 3402 camisia

275 3425 376 3498 stidit
391 3425 506 3512 esum,
534 3427 595 3516 qui
618 3427 828 3499 mortalibus
848 3427 1002 3500 incautis
1027 3428 1144 3500 sebres
1167 3422 1283 3523 adferet

276 3523 453 3596 ardentes.
514 3523 592 3595 Hac
618 3524 725 3596 etiam
749 3523 890 3616 speciali
915 3523 1066 3596 Natura
1089 3526 1182 3618 lege,
1205 3517 1282 3622 plus·

274 3642 333 3694 nra
357 3621 463 3693 nobis
487 3620 616 3711 hyeme
640 3621 905 3720 circumscripta
937 3623 1030 3713 quasi
1059 3623 1093 3693 dr
1108 3611 1280 3716 absconditi

267 3719 355 3792 'sunt
377 3717 624 3810 vegetabilis:
654 3719 787 3811 quippe
813 3740 890 3810 que
919 3731 1027 3806 tunc,
1061 3737 1184 3810 corpus
1204 3709 1280 3786 niul

272 3815 540 3910 refrigerando,
567 3816 663 3888 vires
680 3815 787 3888 facile
804 3815 1053 3889 debilitarent:
1079 3815 1189 3888 estate
1203 3819 1279 3886 ved»

271 3912 412 3988 Natura
426 3933 446 3985 e
461 3911 534 3985 smu
560 3911 623 3986 suo
647 3913 723 3987 haec
743 3913 905 4007 profert,
933 3912 1124 3988 &enovo
1143 3905 1277 4090 qunfipcrt
