2690 4722
202 213 279 337 ‘30
471 189 711 306 cinsunn
742 205 1055 345 ¹sutrucruu.

229 387 404 513 utuntur,
444 416 558 513 quid?
598 412 695 508 quod
721 379 835 486 inulta
860 411 990 482 horum
1016 387 1322 478 Pharmaco‘rum

230 525 381 600 nomine
400 516 559 614 infigniri
580 535 657 588 non
674 509 821 587 debent.
871 508 1010 580 Multas
1028 522 1171 596 quoque
1189 497 1320 569 Phar-

229 621 431 714 rnacopolae
457 615 636 709 colligunt
662 607 912 700 asservantque
939 617 1060 698 partes
1087 600 1318 691 plantarum

188 791 196 804 ,
230 720 403 806 inutiles,
432 737 510 788 non
528 707 817 794 confiderantes,
843 699 1156 798 prestantiifimam
1180 694 1315 767 virtu·

230 831 305 893 tem
321 818 359 891 in
376 836 449 890 una
466 826 606 888 tanturn
625 803 819 880 earundem
837 815 940 896 parte
957 799 1121 874 residere.

496 997 531 1072 Ε
548 997 587 1070 Χ
603 997 631 1070 C
647 991 682 1068 t
706 993 745 1066 U
761 991 799 1064 D
818 989 852 1064 E
870 991 915 1063 N
927 987 966 1062 D
984 987 1033 1064 A.

230 1123 427 1200 Acerosn
449 1119 686 1194 Hrsrnnrcrr
710 1115 822 1187 Radix
840 1110 1038 1206 superflua,
1067 1106 1212 1181 ratione
1226 1103 1311 1179 Ra·

283 1222 375 1296 dicis
397 1216 563 1293 Acetosae
588 1212 772 1288 nostratis.

231 1336 428 1414 Acerosn
457 1335 778 1407 Roruunrrotrn
806 1325 945 1412 Herba,
983 1320 1145 1396 nostrate
1170 1316 1310 1394 Herba

281 1436 461 1525 debilior,
491 1432 656 1522 adeoque
678 1429 773 1500 illam
792 1424 926 1499 merito
943 1421 1139 1514 rejicimus.

170 1597 173 1611 ·
230 1554 362 1632 Acon
389 1555 497 1626 Vrur
524 1551 678 1622 Radicem
703 1567 748 1618 ex
765 1542 869 1616 India
892 1537 1072 1616 accersere
1098 1559 1191 1630 opus
1217 1556 1307 1610 non

280 1651 355 1741 cst,
382 1651 466 1724 dum
495 1647 644 1740 Europa
672 1643 857 1717 calamum
883 1641 1068 1735 vulgarem
1094 1635 1202 1710 nobis
1233 1655 1306 1706 co·

279 1747 469 1847 piosrssirne
487 1743 610 1819 offert.

231 1866 453 1943 Anrnurnr
475 1860 609 1934 Aunrr
632 1859 750 1935 Herba
769 1852 877 1928 valde
900 1849 1050 1926 inutilis.

232 1982 421 2154 Azergnrr
444 1977 560 2052 Herba
586 1972 747 2086 destinri,
762 1969 967 2066 possumus,
1009 1986 1092 2040 curn
1124 1961 1304 2037 meliores

308 2102 326 2153 a
354 2099 488 2152 eamus.
1078 2099 1082 2104 ·

222 2197 346 2284 ,Acnr
366 2193 490 2268 Cnsrr
510 2194 638 2268 Semina
656 2186 764 2263 nimis
782 2185 891 2260 dubia
909 2184 941 2257 ἃ
959 2182 1109 2258 incerta.

231 2315 478 2392 Attenencr
499 2311 635 2399 Herba,
663 2313 792 2384 Semina
810 2303 1009 2400 superflua,

283 2415 397 2485 Barce
416 2431 510 2485 vero
532 2409 758 2484 sufficientes.
853 2453 856 2460 n

232 2532 425 2612 Annene
444 2535 572 2606 Semina
585 2527 732 2604 Radicis
751 2527 791 2600 vi
815 2535 952 2598 carent.

231 2650 459 2726 Ancrtrcn.
476 2647 642 2724 Surtvn
663 2646 779 2721 Herba
794 2639 974 2734 inusitata,
999 2633 1182 2734 precipua
1195 2636 1303 2712 enim

281 2748 340 2821 vis
362 2749 451 2820 latet
467 2747 505 2820 in
521 2745 659 2836 Radice
677 2747 711 2818 tc
731 2739 948 2818 Seminibus.

230 2867 493 2948 'Anr1unu1ur
514 2867 630 2944 Herba
651 2865 905 2962 superstitione
930 2859 1146 2936 introdnsta.
1172 2853 1175 2856 ’

230 2986 631 3068 Aurrioenrtnnnuur
658 2985 717 3062 vis
745 2983 870 3062 eadent
894 3002 937 3058 ac
961 2965 1299 3076 earyophyttorum

283 3085 534 3179 Officinarunr,
555 3085 720 3203 adeoque
729 3082 928 3178 {superflue
963 3083 967 3092 '

231 3203 474 3302 Aqurtecnu
492 3203 608 3280 Herba
629 3203 739 3279 dubia
758 3203 792 3276 st
814 3199 978 3298 suspetit

230 3321 312 3396 Aur
331 3320 445 3394 Herba
463 3319 570 3390 valde
586 3319 727 3392 inutilis
745 3315 808 3391 est.
826 3333 831 3344 ·

202 3427 204 3438 ’
230 3441 359 3517 Asnnt
380 3441 511 3513 Semina
534 3439 700 3536 ambigua
723 3438 815 3516 sunt.

230 3562 470 3640 Asruturnr
500 3560 648 3655 Lignum
672 3559 900 3656 superfluum.

231 3677 466 3754 Aeenonrtr
484 3676 606 3750 Redire
629 3696 754 3750 carere
777 3671 973 3768 possumus.

233 3790 651 3904 Arnrntrcr'ssnrrvn
674 3793 789 3868 Herba
822 3783 956 3890 (sicca)
992 3795 1047 3869 uti
1077 3777 1155 3873 nnn
1185 3797 1288 3873 debe-

280 3911 384 3990 mus,
415 3895 544 3976 vindis
561 3914 653 3968 vero
671 3891 786 3967 Huic
802 3891 984 3968 culinaris.

1171 3992 1290 4074 Arut-
