2726 4770
258 243 545 342 saumones
575 169 913 352 rasurarum,
1058 245 1106 334 ⁶9

49 455 156 522 rens,
179 431 233 510 est
247 433 416 508 mannus
431 433 610 524 Frangula,
639 450 869 524 quemnemo
888 429 924 504 in
942 427 1109 522 regione,

50 532 116 607 ubi
133 531 219 626 gelu
238 531 404 626 hyemale
423 529 650 620 dominatur,
676 529 799 622 vigere
813 525 910 621 polle
926 523 1109 610 crederet;

48 631 130 704 haec
161 643 286 700 tamen
312 642 439 722 aperto
467 637 646 720 nimquam
679 623 833 705 nascitur
861 646 1014 716 eampo,
1053 619 1111 698 sed

46 725 256 802 nemorofis
275 723 474 821 &aquosis
529 721 630 796 Alias
647 723 756 820 igitur
776 721 931 816 Europe
949 719 1110 823 eilstralis
1169 729 1172 740 '

44 825 220 918 plantas,
245 843 350 916 quam
371 845 447 915 quae
473 823 533 894 vel
557 821 657 913 aquis
681 821 738 892 vel
759 816 967 894 nemoribus
987 831 1110 914 prote·

45 935 208 1014 gantur,
235 919 272 994 in
290 917 410 996 nostra
428 919 577 1014 regione
596 919 766 1014 hyemem
787 916 899 1000 salvas
920 917 1110 1012 tranfigere

44 1018 147 1094 haud
170 1017 294 1114 polle,
327 1015 412 1091 hinc
435 1013 560 1110 liquet.
603 1079 608 1091 .

150 1180 215 1250 φο
240 1157 422 1232 Botanico
439 1157 654 1234 Herbarium
666 1139 733 1233 irbi
752 1160 912 1254 paranti,
936 1160 996 1232 vel
1019 1155 1110 1230 alius

44 1253 1108 1430 ⁶¹¹1¹¹⁸llllllzliultllllllllllllllllalt

46 1377 395 1545 fflmmpoeo'
406 1376 948 1540 inlledicinaadgrnandaqvel
962 1449 1029 1524 alii
1047 1471 1108 1526 nee

50 1549 222 1624 ceffitatis
246 1549 406 1644 urgentis
423 1547 560 1640 ceolla,
585 1562 699 1628 certas
718 1549 927 1624 defideranti
945 1550 1106 1642 plantas,

47 1647 148 1724 haud
179 1667 303 1740 parum
335 1646 537 1740 proficuum
561 1647 651 1738 erit,
681 1646 741 1724 ubi
767 1646 967 1740 reperiatur
985 1645 1108 1739 planta

49 1744 271 1834 desiderata,
296 1741 413 1817 statim
430 1743 669 1840 cognoscere,
707 1745 885 1838 quaeloco
909 1723 1018 1818 natali
1043 1741 1106 1814 srbi

50 1841 179 1916 debito
199 1840 428 1936 queratur&
450 1862 526 1935 non
544 1841 641 1920 alibi.
674 1841 741 1920 lit
763 1841 855 1914 idem
876 1843 937 1914 ille
959 1837 1106 1914 Botani·

53 1962 114 2014 cus
139 1941 301 2033 plantam
331 1938 538 2032 questionis
564 1939 635 2014 fine
659 1961 761 2015 mora
784 1938 972 2027 inveniet,
1001 1958 1105 2030 quam

55 2035 350 2209 [ἑξδεειίἒοεήέυἱε
366 2035 582 2141 diutiffime,
595 2037 683 2116 licet
701 2035 873 2129 vicinam,
897 2033 1025 2120 frustra
1043 2055 1105 2116 ve·

150 2293 210 2362 52⁰
236 2269 328 2352 Cum
353 2292 480 2347 omnes
505 2273 623 2348 herba
650 2275 688 2350 in
719 2273 796 2350 solo
824 2273 935 2350 natali
966 2272 1104 2368 optime

56 2369 223 2465 vigeant,
248 2369 333 2443 hinc
356 2370 551 2445 nocellario
575 2372 744 2448 concludi
770 2369 910 2470 potest,
938 2371 1014 2444 illas
1032 2391 1102 2443 ma·

56 2469 147 2540 xima
178 2466 312 2542 ibidem
336 2468 491 2563 gaudere
520 2469 739 2560 virtute,·&
761 2471 949 2564 qualitates
981 2489 1104 2542 ueram

58 2563 218 2657 praestare
242 2563 448 2639 efficaciam.
512 2569 756 2671 Quamobrem
782 2567 1114 2659 Pharnacopoeus,

60 2665 150 2758 vires
164 2661 367 2736 Plantarum
386 2664 421 2737 in
437 2666 707 2738 medicamentis
724 2664 963 2760 prestiturus,
994 2685 1103 2755 qllan-

60 2772 125 2831 tum
153 2757 259 2850 poffit
287 2757 385 2846 fieri,
417 2762 505 2835 licet
531 2763 602 2855 ipse'
627 2763 767 2836 casdem
795 2784 839 2835 ex
870 2761 946 2835 solo
977 2760 1103 2834 debito

63 2871 209 2950 nequeat
229 2857 425 2954 colligere,
452 2859 488 2934 in
511 2859 587 2934 solo
611 2877 730 2938 tamen
751 2883 829 2940 non
850 2859 1110 2947 alieno-colat,

63 2949 183 3027 Herbe
197 2954 332 3050 Alpino
358 2956 468 3054 longe
492 2958 641 3052 majori,
678 2979 723 3032 ex
741 2959 821 3053 ipsis
844 2959 982 3050 alpibus
1009 2953 1100 3030 dela,

63 3061 115 3141 ta,
142 3051 299 3146 gaudere
316 3053 426 3147 vulgo
444 3053 633 3132 censentur
648 3055 799 3148 virtute,
825 3048 931 3158 quarn¹
945 3046 1025 3132 curu
1042 3075 1101 3128 exv

62 3160 102 3222 tn
119 3149 236 3242 Alpes
253 3151 357 3224 cultae
374 3151 521 3230 fuerint.

144 3296 244 3372 Vera
268 3297 522 3392 Archangelico,
551 3297 678 3392 sponte
705 3300 742 3372 in
768 3297 907 3392 alpibus
930 3301 1031 3392 Juxta
1055 3297 1101 3368 rl·

64 3395 157 3466 vulos
175 3392 344 3483 nascens,
373 3419 450 3488 quae
467 3397 553 3474 alies
575 3398 610 3470 in
635 3397 750 3470 hortis
772 3395 901 3470 nostris
920 3389 1102 3488 plantator

67 3489 241 3576 facillime,
286 3491 429 3585 duplam
458 3495 693 3586 quantitatem
727 3495 863 3588 praebet
891 3493 1033 3580 resine,
1078 3491 1102 3564 sr

72 3585 133 3676 ipis
157 3587 297 3682 alpibus
328 3590 478 3663 oriunda
508 3592 640 3680 fuerit,
667 3613 770 3686 quam
798 3591 820 3663 li
844 3590 974 3664 nostris
998 3602 1104 3664 enata

74 3681 160 3792 luerit
179 3687 319 3774 hortis3
349 3687 543 3762 &summis
569 3689 676 3763 labris
698 3689 879 3784 degustata
897 3688 1102 3782 Archange-

73 3777 122 3852 lna
136 3785 264 3876 alpina,
278 3785 677 3886 longeprastantiorcm
695 3789 727 3860 ei
747 3809 817 3880 prae
836 3785 993 3861 hortensi
1015 3781 1103 3870 incl*-

73 3875 273 3958 scientiores
294 3882 380 3956 vim.
416 3882 462 3957 Et
483 3884 529 3968 sic
551 3883 588 3959 in
613 3885 763 3968 caeteris,
1062 3913 1065 3920 ·
