2602 4750
242 199 324 315 ,μς
558 169 729 279 riori
754 175 976 318 utatur(

94 397 108 426 ²
245 371 531 481 dieconspi'cuae,
550 379 711 456 coleudae
729 375 964 461 inservirent3
984 389 1074 464 quo,
1089 371 1274 445 luliacum

245 497 275 572 ti
298 485 473 566 momenti
499 503 559 572 re,
596 501 674 570 quae
698 475 906 552 hominibus
928 491 1030 565 quam
1056 467 1212 563 plurimis
1235 465 1273 539 lu·

245 582 444 670 stentandis
469 580 675 654 conducere
704 585 833 668 queat,
859 571 987 645 Patriae
1011 567 1201 660 aliquando
1223 567 1274 635 uti·

246 695 317 768 lem
345 679 508 780 praestare
531 675 666 772 pollem
694 667 853 767 operam.
904 666 989 741 Huc
1008 665 1170 753 accedit,
1198 661 1275 754 quod

178 837 182 854 ι
247 779 486 864 vel'maxime
510 774 597 848 mihi
621 772 802 845 stimulum
827 765 1001 855 subdidit,
1034 761 1277 837 clementillima

248 879 370 963 summi
391 873 620 970 Magistratus
641 891 726 943 cura
748 867 793 941 de
815 865 915 960 regni
939 862 1050 937 salute
1076 883 1143 957 per
1164 861 1274 954 plaute·

248 987 370 1059 tiones
389 968 627 1070 procuranda.
683 967 808 1059 ltaque
822 984 898 1037 noo
915 960 1013 1054 poffe
1033 983 1096 1034 me
1119 977 1274 1053 argumeo

249 1097 347 1166 tum,
371 1076 443 1147 hoc
460 1069 584 1145 utilius
608 1067 642 1140 dc
662 1067 850 1140 elaboratu
864 1059 1027 1156 dignius,
1054 1057 1188 1152 eligere
1206 1052 1273 1126 arbi·

250 1193 364 1254 trstus
380 1171 465 1246 sum.

680 1351 816 1444 CAP.
843 1352 875 1442 1.

319 1503 433 1582 LPES
453 1503 537 1578 sunt
553 1515 660 1576 terre
683 1501 817 1594 species
839 1501 876 1573 in
898 1489 1170 1571 tellurenostra
1188 1492 1272 1586 lugu

342 1607 439 1694 laris,
465 1623 563 1695 ueque
578 1600 841 1693 propemodum
859 1599 903 1670 ab
918 1596 985 1668 alia
1000 1609 1100 1666 terra
1114 1593 1230 1676 aliena,
1245 1609 1275 1660 re

250 1728 348 1782 mare
366 1703 476 1796 ipsum
496 1701 556 1771 vel
577 1697 658 1791 ipsae
682 1696 805 1770 Indiae.
856 1695 916 1768 Ab
940 1694 1020 1767 aliis
1038 1691 1218 1764 montibus
1230 1687 1272 1758 lll·

250 1827 316 1900 pes
339 1804 401 1874 has
425 1797 566 1894 prorsus
598 1795 785 1888 distinguit
811 1815 932 1868 earum
959 1789 1143 1878 altitudo,
1168 1793 1273 1880 quaelr

242 1904 416 2004 secundam
431 1903 516 1971 airis
539 1899 709 1987 regimen,
724 1893 937 1988 frueturque
955 1892 1155 1974 corruitur,
1176 1889 1272 1958 rumd-

252 2005 291 2075 lo
313 2007 348 2072 in
369 2003 437 2072 illis
455 1996 563 2068 orello
586 1991 721 2085 crescere
739 1990 850 2087 poffiut
876 1993 1025 2062 arbores:
1054 1987 1171 2078 Alpes
1194 1983 1272 2076 igtur

251 2119 318 2171 eos
335 2091 592 2188 appellabimus
609 2101 774 2178 montes,
797 2088 978 2179 inquibus
994 2085 1101 2158 ‘nulla
1118 2082 1210 2176 sylva
1221 2099 1273 2154 cre·

251 2195 349 2270 scere
368 2190 508 2284 potest,
534 2201 596 2261 aut
615 2187 642 2260 fi
664 2189 727 2258 vel
742 2187 894 2260 maxime
909 2185 1025 2256 arbor
1049 2182 1127 2253 illie
1147 2177 1271 2254 nascem-

250 2306 323 2382 tur‚
354 2291 393 2361 in
412 2291 519 2359 altum
536 2284 606 2358 sese
626 2286 792 2358 attollere
810 2281 990 2376 nequiret,
1013 2277 1071 2356 sed
1091 2279 1164 2352 fine
1181 2276 1271 2371 llipite

251 2403 347 2462 terra
365 2382 521 2477 adpressa
539 2382 682 2455 fruticis
703 2381 811 2456 instar
828 2383 947 2474 jecere
964 2391 1168 2471 cogeretur.

301 2619 304 2627 4
346 2517 604 2622 Dispescuutur
632 2505 749 2614 Alpes
774 2520 811 2594 io
839 2541 957 2592 earum
991 2518 1079 2614 bases
1096 2514 1159 2616 seu
1180 2521 1273 2596 lutum·

250 2621 289 2697 it't
301 2625 387 2718 alpes
398 2626 529 2716 proprie
537 2621 656 2706 dilla53
684 2617 764 2692 &in
778 2625 940 2694 cacumina
946 2617 1007 2715 seu
1015 2633 1135 2690 orontes
1140 2617 1270 2710 glurirlu.

350 2759 474 2832 Latera
491 2757 630 2853 Alpium
656 2757 797 2832 densam
823 2780 1078 2850 usquequaque
1102 2760 1216 2832 ferunt
1227 2750 1274 2842 syl·

250 2879 356 2946 vam,
381 2855 612 2948 &profunda
631 2878 672 2928 ac
694 2855 810 2931 soluta
831 2858 964 2946 humo,
991 2877 1067 2949 quae
1093 2857 1177 2930 illuc
1197 2851 1274 2941 disie-

251 2956 306 3032 ἃᾶ
324 2952 395 3042 est,
421 2967 676 3047 conteguntur.
697 3001 699 3012 .

347 3089 450 3184 Alpes
458 3097 597 3188 propriu
605 3091 654 3185 fic
667 3095 768 3180 diue,
788 3106 917 3186 praeter
934 3092 1062 3180 nudos,
1081 3095 1187 3177 altos,
1203 3083 1272 3176 aspe-

231 3195 313 3262 'ros
331 3186 557 3263 &fabulosos
576 3191 701 3278 colles,
729 3191 926 3283 praecipitia
943 3189 1076 3265 habeut
1093 3181 1271 3280 campestris

252 3285 484 3395 &couvalles
501 3285 660 3382 grolliori
680 3288 855 3362 scatentes
873 3289 997 3378 humo',
1022 3277 1272 3361 craffiffimocui·

253 3405 322 3474 que
337 3384 423 3454 lrmo
442 3383 586 3475 palustri
605 3403 681 3458 non
697 3385 860 3473 diffundi,
890 3387 924 3458 in
942 3407 1009 3480 qua
1027 3385 1144 3458 fluunt
1161 3395 1269 3454 torret·

251 3481 614 3591 tesaquaecujusdam
624 3483 774 3578 frigidm,
794 3485 915 3556 errive
930 3485 1196 3578 provenientes.
1220 3476 1270 3548 to·

252 3577 489 3690 corumhrsce
506 3581 606 3670 aquis
628 3583 792 3672 proxime
811 3581 1051 3674 superiorum,
1079 3581 1137 3652 scu
1152 3574 1268 3666 Apim

251 3675 548 3766 humillimarum,
576 3677 696 3748 vastos
720 3699 867 3770 campos
885 3679 1094 3771 conspicere
1115 3679 1212 3760 licet,
1235 3685 1269 3736 te·

251 3771 329 3846 dios
350 3773 511 3886 ⁸Lichtme
534 3774 777 3867 rungiferino‚
811 3777 871 3867 qui
895 3777 969 3848 illic
995 3775 1119 3850 densus
1147 3773 1178 3844 dt
1202 3769 1269 3841 alus

249 3872 386 3946 crescit.
436 3870 549 3964 Alpes
564 3871 679 3948 adhuc
700 3869 774 3948 istis
790 3874 976 3968 aliquanto
993 3874 1162 3948 editiores
1173 3867 1269 3968 plmuir

684 3997 709 4008 ··
1168 3960 1267 4039 conlu
