2602 4750
317 169 489 254 anona
512 109 716 249 aaaron.
973 135 1045 276 4‘17

31 353 217 446 oadrada,
243 371 322 430 cum
340 349 464 448 infignl
480 345 687 442 reipublice
706 347 978 447 emolumento,
1005 355 1047 436 r'n

28 455 132 532 nostru
148 455 217 528 illis
239 452 301 526 seri
320 453 353 525 dt
373 445 564 544 propagari
583 459 742 541 queunt,
769 449 936 542 quodque
954 449 1051 538 adeo,¹

30 551 153 626 Nationi
172 547 393 644 complacuit
410 541 598 634 Nostram,
627 559 687 634 ut,
712 544 833 620 eadem
853 547 1048 626 Academia

34 649 135 726 idem.
155 649 386 726 distributura
409 645 559 740 primum
588 643 771 734 omnium,
798 641 894 736 quod
910 665 976 736 pro
1005 669 1047 720 o-

36 743 94 832 suit,
124 749 328 843 praenrionr,
364 741 414 816 N.
440 733 722 827 umentem,
757 735 903 815 ob'hoc
934 669 1048 836 ipsium

34 841 306 934 experimentum,
339 841 456 934 primo
481 833 690 911 numismate
716 837 808 915 Auri
834 834 1046 932 Symbolico

31 939 154 1034 donare,
176 941 225 1017 sul
246 937 356 1014 officii
374 933 442 1012 effe
458 929 612 1010 duxerit.

97 1081 204 1154 Porro
221 1077 308 1154 milri
329 1073 506 1164 innotuit,
523 1073 633 1148 Szram
644 1073 747 1148 Rram
759 1075 873 1150 libem
891 1079 1047 1156 clemen·

27 1173 122 1250 tiffima
141 1177 306 1252 mandata
331 1169 536 1248 Academiis
562 1171 677 1266 Regni
696 1195 811 1266 nuper
828 1174 978 1262 dodillo,
1000 1179 1047 1252 da

27 1271 182 1348 indicanda
196 1275 355 1362 ratione,
378 1292 446 1364 qua
460 1269 752 1372 plantationeain
766 1272 880 1365 patria
894 1273 1046 1348 adcom-

27 1391 139 1444 nunem
156 1373 353 1446 utilitatem
372 1361 615 1456 instituantur,
641 1365 808 1462 undeque
824 1367 965 1464 insuper
985 1373 1046 1446 lex

30 1469 174 1544 condatur
193 1482 371 1566 perpetua
391 1467 430 1540 in
456 1463 597 1570 negotii
619 1465 872 1548 executionem
896 1465 1045 1546 &com-

28 1558 140 1640 modum
154 1566 354 1662 publicum.

96 1705 180 1776 Mihi
202 1705 375 1800 quoniam
395 1702 550 1802 contigit
574 1703 689 1780 lucem
712 1705 865 1799 primum
885 1705 1045 1803 aspicere

27 1797 216 1896 lnealcrra,
247 1806 306 1872 ubl
322 1803 486 1896 quotidie
506 1799 657 1876 meia'se'
680 1803 797 1878 oculis
817 1807 1043 1900 conspicien·

27 1895 71 1968 das
84 1902 256 1992 prebuere
272 1899 376 1998 Alpes
395 1903 600 1994 mappulae,
622 1913 778 1974 atemere
793 1923 905 1995 usque
921 1919 1042 1996 aetate,

28 1997 225 2073 cumdolore
249 1997 347 2090 vidi,
376 2009 513 2072 taourm
539 2011 643 2073 terra
662 1997 830 2085 madium,
856 2001 916 2092 qul
935 2005 1042 2078 tertia

27 2089 82 2164 lere
96 2109 188 2188 parte
210 2097 337 2169 Patria
355 2095 586 2183 continetur,
616 2095 706 2168 adeo
728 2095 844 2180 iacere
862 2097 1043 2176 incultum

28 2185 260 2268 &hominibus
285 2193 471 2278 inutilem,
496 2211 538 2264 ac
565 2188 835 2266 horridiffimum
860 2195 1043 2284 quoddam

27 2282 188 2382 desertum,
212 2310 295 2364 cum
314 2309 422 2365 nemo
441 2289 632 2388 quidquam
654 2309 699 2362 ex
723 2307 770 2363 co
783 2309 917 2386 capere
936 2287 1045 2386 poffit

26 2381 176 2476 utilitatis,
206 2389 232 2462 ll
258 2407 398 2481 procos
421 2407 600 2480 excepero
622 2385 817 2482 Lappones
841 2389 1043 2484 columque

26 2473 201 2574 Rhenoncs,
226 2507 297 2560 nec
313 2506 392 2562 non
407 2483 505 2580 qood
521 2483 687 2580 agricola
698 2485 872 2560 nonnulli
887 2485 962 2562 illic
977 2509 1040 2562 oc·

26 2571 569 2680 ciduntTctraoneaLagopodes,
584 2579 724 2658 &levia
736 2581 939 2676 hujusmodi
954 2585 1043 2676 alia,-

27 2689 82 2760 quae
100 2699 141 2752 ne
164 2677 356 2756 millesimae
384 2679 524 2773 quidem
550 2679 662 2774 partis
692 2677 870 2754 rationem
903 2681 1040 2762 habent

27 2768 56 2838 ad
72 2793 123 2864 ea,
147 2797 222 2870 quae
247 2777 357 2852 debet
374 2777 449 2850 loci
471 2774 682 2870 amplitudo.
739 2773 831 2850 Satis
853 2776 960 2851 etlam
984 2781 1038 2854 in·

27 2867 130 2962 ulleri,
144 2875 280 2952 vastam
288 2873 394 2969 hanc,
415 2889 554 2968 quaqua
566 2885 678 2966 patet,
697 2885 841 2964 terram,
865 2895 942 2948 nou
958 2875 1047 2970 pos·‘

27 2955 90 3038 seca
101 2970 252 3064 ratione,
277 2992 345 3066 qua
357 2985 485 3046 ceterae
497 2969 711 3066 provincia,
738 2969 1045 3046 hominibuared··

27 3055 189 3158 diutilen,
215 3091 302 3144 curn
317 3068 496 3146 montium
513 3070 590 3162 eJua
608 3066 784 3156 altitudo,
808 3065 853 3142 nr·
904 3091 942 3158 a,
972 3091 1036 3146 nu·

28 3151 176 3258 licolles,
199 3165 294 3244 vill
310 3163 534 3242 solummodo
550 3161 811 3256 hebdqmadum
828 3187 856 3237 ae
890 3181 979 3260 ates,
1002 3169 1037 3242 dr

28 3257 171 3350 calpitosa
188 3265 330 3358 humuq,
356 3285 473 3358 neque
485 3261 709 3360 agriculturae
724 3283 854 3338 exerce
881 3261 947 3356 dae,
972 3289 1035 3340 ne·

28 3369 76 3438 que
95 3361 195 3448 pratis
220 3383 285 3456 per
306 3361 472 3456 hyemem
499 3375 571 3436 tarn
597 3353 798 3446 diuturnam
824 3355 859 3436 su
891 3359 1034 3452 erraris,
1066 3387 1070 3394 ’

28 3449 340 3544 relinquantlocum.
392 3453 636 3546 Hincfac‘ium
652 3453 717 3544 est,
742 3475 795 3544 ut,
822 3455 906 3532 inde
926 3481 945 3532 a
964 3462 1036 3554 pri·

29 3561 152 3624 moneo
170 3557 327 3632 adventu
343 3557 379 3634 in
402 3555 572 3630 illustrem
586 3555 678 3632 hanc
693 3549 946 3650 Academiam,
970 3559 1036 3634 ubi

29 3635 151 3721 scientia
172 3651 357 3730 Naturalis
375 3653 569 3748 quotannis
588 3651 760 3740 docetur,
785 3674 861 3750 non
882 3653 953 3730 fine
968 3658 1034 3730 lin·

29 3737 109 3822 lulari
126 3751 229 3824 animi
245 3753 449 3848 voluptate,
473 3745 710 3840 undecunque
724 3769 765 3822 ea
783 3753 866 3826 colli
892 3774 952 3825 ere
962 3751 1044 3831 stu,

30 3827 152 3936 dunin,
173 3867 257 3942 qua
282 3862 407 3946 terre,
432 3846 519 3924 milri
538 3860 608 3922 tam
634 3773 897 3944 propinquqit
913 3853 1044 3944 quom.

64 3933 136 4032 Yon
154 3946 219 4022 IV.
503 4020 508 4029 ,
584 3939 662 4018 nd
973 3946 1032 4022 die
