<?xml version="1.0" encoding="UTF-8"?>
<!DOCTYPE html PUBLIC "-//W3C//DTD XHTML 1.0 Transitional//EN"
    "http://www.w3.org/TR/xhtml1/DTD/xhtml1-transitional.dtd">
<html xmlns="http://www.w3.org/1999/xhtml" xml:lang="en" lang="en">
 <head>
  <title>
</title>
<meta http-equiv="Content-Type" content="text/html;charset=utf-8" />
  <meta name='ocr-system' content='tesseract 3.04.00' />
  <meta name='ocr-capabilities' content='ocr_page ocr_carea ocr_par ocr_line ocrx_word'/>
</head>
<body>
  <div class='ocr_page' id='page_1' title='image "./carolialinnequi07schrgoog_0513.png"; bbox 0 0 2678 4756; ppageno 0'>
   <div class='ocr_carea' id='block_1_1' title="bbox 113 161 1147 325">
    <p class='ocr_par' dir='ltr' id='par_1_1' title="bbox 113 161 1147 325">
     <span class='ocr_line' id='line_1_1' title="bbox 113 161 1147 325; baseline -0.01 -13"><span class='ocrx_word' id='word_1_1' title='bbox 113 161 119 174; x_wconf 56' lang='grc'><strong>’</strong></span> <span class='ocrx_word' id='word_1_2' title='bbox 210 205 218 236; x_wconf 84' lang='lat'><em>&#39;</em></span> <span class='ocrx_word' id='word_1_3' title='bbox 283 248 360 325; x_wconf 49' lang='lat'>,512</span> <span class='ocrx_word' id='word_1_4' title='bbox 477 215 730 298; x_wconf 76' lang='lat' dir='ltr'>sarcines</span> <span class='ocrx_word' id='word_1_5' title='bbox 755 218 1147 302; x_wconf 77' lang='lat' dir='ltr'>cananensmn.</span> 
     </span>
    </p>
   </div>
   <div class='ocr_carea' id='block_1_2' title="bbox 152 397 1297 888">
    <p class='ocr_par' dir='ltr' id='par_1_2' title="bbox 152 397 1297 888">
     <span class='ocr_line' id='line_1_2' title="bbox 288 397 1234 499; baseline -0.004 -19"><span class='ocrx_word' id='word_1_6' title='bbox 288 402 388 499; x_wconf 90' lang='lat' dir='ltr'>quod</span> <span class='ocrx_word' id='word_1_7' title='bbox 405 422 481 475; x_wconf 92' lang='lat' dir='ltr'>non</span> <span class='ocrx_word' id='word_1_8' title='bbox 495 401 608 475; x_wconf 85' lang='lat' dir='ltr'>solum</span> <span class='ocrx_word' id='word_1_9' title='bbox 624 400 804 476; x_wconf 88' lang='lat' dir='ltr'>medicina</span> <span class='ocrx_word' id='word_1_10' title='bbox 819 397 1065 497; x_wconf 87' lang='lat' dir='ltr'>srmplicislima</span> <span class='ocrx_word' id='word_1_11' title='bbox 1084 405 1234 478; x_wconf 87' lang='lat' dir='ltr'>contenti</span> 
     </span>
     <span class='ocr_line' id='line_1_3' title="bbox 286 497 1253 597; baseline -0.004 -21"><span class='ocrx_word' id='word_1_12' title='bbox 286 502 382 590; x_wconf 88' lang='lat' dir='ltr'>rint,</span> <span class='ocrx_word' id='word_1_13' title='bbox 411 497 470 573; x_wconf 85' lang='lat' dir='ltr'>sed</span> <span class='ocrx_word' id='word_1_14' title='bbox 486 519 546 572; x_wconf 86' lang='lat' dir='ltr'>eas</span> <span class='ocrx_word' id='word_1_15' title='bbox 563 499 672 592; x_wconf 81' lang='lat' dir='ltr'>etjam</span> <span class='ocrx_word' id='word_1_16' title='bbox 690 500 848 574; x_wconf 82' lang='lat' dir='ltr'>medelas</span> <span class='ocrx_word' id='word_1_17' title='bbox 868 523 932 596; x_wconf 89' lang='lat' dir='ltr'>per</span> <span class='ocrx_word' id='word_1_18' title='bbox 947 503 1080 576; x_wconf 86' lang='lat' dir='ltr'>multas</span> <span class='ocrx_word' id='word_1_19' title='bbox 1090 501 1253 597; x_wconf 86' lang='lat' dir='ltr'>generatio</span> 
     </span>
     <span class='ocr_line' id='line_1_4' title="bbox 286 596 1295 699; baseline -0.004 -23"><span class='ocrx_word' id='word_1_20' title='bbox 286 599 395 676; x_wconf 83' lang='lat' dir='ltr'>sartae</span> <span class='ocrx_word' id='word_1_21' title='bbox 412 596 593 690; x_wconf 79' lang='lat' dir='ltr'>rectasque</span> <span class='ocrx_word' id='word_1_22' title='bbox 607 597 802 690; x_wconf 86' lang='lat' dir='ltr'>servarint,</span> <span class='ocrx_word' id='word_1_23' title='bbox 828 621 915 699; x_wconf 91' lang='lat' dir='ltr'>quas</span> <span class='ocrx_word' id='word_1_24' title='bbox 932 598 1129 674; x_wconf 83' lang='lat' dir='ltr'>labascenti</span> <span class='ocrx_word' id='word_1_25' title='bbox 1143 599 1295 676; x_wconf 74' lang='lat' dir='ltr'>valerem</span> 
     </span>
     <span class='ocr_line' id='line_1_5' title="bbox 288 693 1297 790; baseline 0 -20"><span class='ocrx_word' id='word_1_26' title='bbox 288 697 552 784; x_wconf 87' lang='lat' dir='ltr'>admoverunt,</span> <span class='ocrx_word' id='word_1_27' title='bbox 581 693 714 788; x_wconf 86' lang='lat' dir='ltr'>usuque</span> <span class='ocrx_word' id='word_1_28' title='bbox 736 696 833 772; x_wconf 85' lang='lat' dir='ltr'>felici</span> <span class='ocrx_word' id='word_1_29' title='bbox 853 699 1158 790; x_wconf 80' lang='lat' dir='ltr'>comprobarrrnt3</span> <span class='ocrx_word' id='word_1_30' title='bbox 1188 698 1297 770; x_wconf 81' lang='lat' dir='ltr'>incertas</span> 
     </span>
     <span class='ocr_line' id='line_1_6' title="bbox 152 791 1296 888; baseline -0.002 -16"><span class='ocrx_word' id='word_1_31' title='bbox 152 871 155 877; x_wconf 16' lang='grc' dir='ltr'><strong>Δ</strong></span> <span class='ocrx_word' id='word_1_32' title='bbox 286 815 380 874; x_wconf 87' lang='lat' dir='ltr'>vero</span> <span class='ocrx_word' id='word_1_33' title='bbox 398 791 678 884; x_wconf 84' lang='lat' dir='ltr'>contemserint,</span> <span class='ocrx_word' id='word_1_34' title='bbox 706 807 768 872; x_wconf 88' lang='lat' dir='ltr'>aut</span> <span class='ocrx_word' id='word_1_35' title='bbox 784 793 892 888; x_wconf 79' lang='lat' dir='ltr'>etlam</span> <span class='ocrx_word' id='word_1_36' title='bbox 911 795 1099 874; x_wconf 90' lang='lat' dir='ltr'>oblivioni</span> <span class='ocrx_word' id='word_1_37' title='bbox 1123 793 1296 878; x_wconf 74' lang='lat' dir='ltr'>tradiderint</span> 
     </span>
    </p>
   </div>
   <div class='ocr_carea' id='block_1_3' title="bbox 717 957 933 1057">
    <p class='ocr_par' dir='ltr' id='par_1_3' title="bbox 717 957 933 1057">
     <span class='ocr_line' id='line_1_7' title="bbox 717 957 933 1057; baseline -0.005 -18"><span class='ocrx_word' id='word_1_38' title='bbox 717 968 750 1057; x_wconf 81' lang='lat'>§.</span> <span class='ocrx_word' id='word_1_39' title='bbox 802 963 907 1042; x_wconf 90' lang='lat' dir='ltr'><strong>VIII.</strong></span> <span class='ocrx_word' id='word_1_40' title='bbox 931 957 933 961; x_wconf 68' lang='grc'><strong>’</strong></span> 
     </span>
    </p>
   </div>
   <div class='ocr_carea' id='block_1_4' title="bbox 210 1079 1298 2252">
    <p class='ocr_par' dir='ltr' id='par_1_4' title="bbox 210 1079 1298 2252">
     <span class='ocr_line' id='line_1_8' title="bbox 388 1079 1289 1180; baseline 0 -24"><span class='ocrx_word' id='word_1_41' title='bbox 388 1082 578 1172; x_wconf 85' lang='lat' dir='ltr'>Ceterum,</span> <span class='ocrx_word' id='word_1_42' title='bbox 605 1097 695 1178; x_wconf 82' lang='lat' dir='ltr'>quae&#39;</span> <span class='ocrx_word' id='word_1_43' title='bbox 708 1085 820 1178; x_wconf 82' lang='lat' dir='ltr'>vulgo</span> <span class='ocrx_word' id='word_1_44' title='bbox 838 1103 903 1178; x_wconf 88' lang='lat' dir='ltr'>per</span> <span class='ocrx_word' id='word_1_45' title='bbox 918 1079 1107 1178; x_wconf 82' lang='lat' dir='ltr'>Europam</span> <span class='ocrx_word' id='word_1_46' title='bbox 1124 1079 1289 1180; x_wconf 80' lang='lat' dir='ltr'>frequentari</span> 
     </span>
     <span class='ocr_line' id='line_1_9' title="bbox 288 1179 1291 1352; baseline -0.009 -92"><span class='ocrx_word' id='word_1_47' title='bbox 288 1185 379 1260; x_wconf 88' lang='lat' dir='ltr'>solet</span> <span class='ocrx_word' id='word_1_48' title='bbox 395 1181 589 1352; x_wconf 61' lang='lat' dir='ltr'>srmglicior</span> <span class='ocrx_word' id='word_1_49' title='bbox 603 1179 812 1272; x_wconf 82' lang='lat' dir='ltr'>Medicina,</span> <span class='ocrx_word' id='word_1_50' title='bbox 840 1181 1027 1274; x_wconf 87' lang='lat' dir='ltr'>diligentia</span> <span class='ocrx_word' id='word_1_51' title='bbox 1047 1181 1255 1260; x_wconf 88' lang='lat' dir='ltr'>Medicorum</span> <span class='ocrx_word' id='word_1_52' title='bbox 1266 1179 1291 1252; x_wconf 79' lang='lat' dir='ltr'>le</span> 
     </span>
     <span class='ocr_line' id='line_1_10' title="bbox 287 1276 1294 1379; baseline -0.01 -23"><span class='ocrx_word' id='word_1_53' title='bbox 287 1305 327 1356; x_wconf 90' lang='lat' dir='ltr'>re</span> <span class='ocrx_word' id='word_1_54' title='bbox 350 1279 449 1356; x_wconf 88' lang='lat' dir='ltr'>omni</span> <span class='ocrx_word' id='word_1_55' title='bbox 480 1299 519 1352; x_wconf 91' lang='lat' dir='ltr'>us</span> <span class='ocrx_word' id='word_1_56' title='bbox 540 1276 672 1377; x_wconf 81' lang='lat' dir='ltr'>dudum</span> <span class='ocrx_word' id='word_1_57' title='bbox 695 1277 880 1365; x_wconf 72' lang='lat' dir='ltr'>imorum</span> <span class='ocrx_word' id='word_1_58' title='bbox 906 1279 1074 1372; x_wconf 85' lang='lat' dir='ltr'>inprimis</span> <span class='ocrx_word' id='word_1_59' title='bbox 1094 1291 1203 1379; x_wconf 60' lang='lat' dir='ltr'>autq</span> <span class='ocrx_word' id='word_1_60' title='bbox 1225 1277 1294 1348; x_wconf 85' lang='lat' dir='ltr'>Bon·</span> 
     </span>
     <span class='ocr_line' id='line_1_11' title="bbox 287 1360 1297 1466; baseline -0.013 -10"><span class='ocrx_word' id='word_1_61' title='bbox 287 1379 381 1456; x_wconf 81' lang='lat' dir='ltr'>nicic</span> <span class='ocrx_word' id='word_1_62' title='bbox 400 1360 676 1464; x_wconf 75' lang='lat' dir='ltr'>adcusantibus,</span> <span class='ocrx_word' id='word_1_63' title='bbox 700 1375 830 1449; x_wconf 77' lang='lat' dir='ltr'>saslum</span> <span class='ocrx_word' id='word_1_64' title='bbox 851 1375 923 1466; x_wconf 86' lang='lat' dir='ltr'>est,</span> <span class='ocrx_word' id='word_1_65' title='bbox 949 1391 1011 1464; x_wconf 88' lang='lat' dir='ltr'>ut,</span> <span class='ocrx_word' id='word_1_66' title='bbox 1036 1373 1297 1466; x_wconf 84' lang='lat' dir='ltr'>dumadsingulas</span> 
     </span>
     <span class='ocr_line' id='line_1_12' title="bbox 287 1471 1297 1572; baseline -0.01 -20"><span class='ocrx_word' id='word_1_67' title='bbox 287 1479 462 1572; x_wconf 85' lang='lat' dir='ltr'>cujusque</span> <span class='ocrx_word' id='word_1_68' title='bbox 479 1474 681 1548; x_wconf 78' lang='lat' dir='ltr'>Provinciae</span> <span class='ocrx_word' id='word_1_69' title='bbox 695 1476 833 1567; x_wconf 84' lang='lat' dir='ltr'>plantas</span> <span class='ocrx_word' id='word_1_70' title='bbox 852 1474 931 1548; x_wconf 91' lang='lat' dir='ltr'>usus</span> <span class='ocrx_word' id='word_1_71' title='bbox 950 1489 1077 1550; x_wconf 87' lang='lat' dir='ltr'>carum</span> <span class='ocrx_word' id='word_1_72' title='bbox 1094 1473 1181 1568; x_wconf 90' lang='lat' dir='ltr'>apud</span> <span class='ocrx_word' id='word_1_73' title='bbox 1199 1471 1297 1543; x_wconf 79' lang='lat' dir='ltr'>incolas</span> 
     </span>
     <span class='ocr_line' id='line_1_13' title="bbox 285 1569 1297 1671; baseline -0.009 -22"><span class='ocrx_word' id='word_1_74' title='bbox 285 1573 448 1671; x_wconf 86' lang='lat' dir='ltr'>regionis</span> <span class='ocrx_word' id='word_1_75' title='bbox 472 1581 642 1664; x_wconf 77' lang='lat' dir='ltr'>receptos</span> <span class='ocrx_word' id='word_1_76' title='bbox 667 1586 863 1662; x_wconf 85' lang='lat' dir='ltr'>notarunt,</span> <span class='ocrx_word' id='word_1_77' title='bbox 889 1593 958 1650; x_wconf 90' lang='lat' dir='ltr'>nos</span> <span class='ocrx_word' id='word_1_78' title='bbox 983 1575 1058 1665; x_wconf 85' lang='lat' dir='ltr'>jam</span> <span class='ocrx_word' id='word_1_79' title='bbox 1084 1573 1157 1646; x_wconf 87' lang='lat' dir='ltr'>sere</span> <span class='ocrx_word' id='word_1_80' title='bbox 1179 1569 1297 1644; x_wconf 82' lang='lat' dir='ltr'>nilln</span> 
     </span>
     <span class='ocr_line' id='line_1_14' title="bbox 287 1665 1298 1763; baseline -0.013 -14"><span class='ocrx_word' id='word_1_81' title='bbox 287 1671 644 1763; x_wconf 61' lang='lat' dir='ltr'>tearrqmmobrem</span> <span class='ocrx_word' id='word_1_82' title='bbox 673 1669 784 1748; x_wconf 87' lang='lat' dir='ltr'>sreubi</span> <span class='ocrx_word' id='word_1_83' title='bbox 813 1667 1039 1750; x_wconf 72' lang='lat' dir='ltr'>incrementa</span> <span class='ocrx_word' id='word_1_84' title='bbox 1068 1671 1172 1763; x_wconf 83' lang='lat' dir='ltr'>hujus</span> <span class='ocrx_word' id='word_1_85' title='bbox 1193 1665 1298 1742; x_wconf 81' lang='lat' dir='ltr'>medici·</span> 
     </span>
     <span class='ocr_line' id='line_1_15' title="bbox 286 1765 1298 1864; baseline -0.002 -24"><span class='ocrx_word' id='word_1_86' title='bbox 286 1793 342 1851; x_wconf 80' lang='lat' dir='ltr'>nse</span> <span class='ocrx_word' id='word_1_87' title='bbox 361 1769 537 1861; x_wconf 86' lang='lat' dir='ltr'>ampliora</span> <span class='ocrx_word' id='word_1_88' title='bbox 554 1765 823 1860; x_wconf 79' lang='lat' dir='ltr'>exspestcntnr,</span> <span class='ocrx_word' id='word_1_89' title='bbox 849 1791 868 1838; x_wconf 92' lang='lat' dir='ltr'>e</span> <span class='ocrx_word' id='word_1_90' title='bbox 888 1790 927 1840; x_wconf 88' lang='lat' dir='ltr'>re</span> <span class='ocrx_word' id='word_1_91' title='bbox 945 1770 1102 1864; x_wconf 86' lang='lat' dir='ltr'>omnino</span> <span class='ocrx_word' id='word_1_92' title='bbox 1125 1768 1206 1854; x_wconf 84' lang='lat' dir='ltr'>erit,</span> <span class='ocrx_word' id='word_1_93' title='bbox 1228 1777 1298 1838; x_wconf 78' lang='lat' dir='ltr'>extra</span> 
     </span>
     <span class='ocr_line' id='line_1_16' title="bbox 285 1863 1295 1960; baseline -0.006 -18"><span class='ocrx_word' id='word_1_94' title='bbox 285 1868 471 1960; x_wconf 83' lang='lat' dir='ltr'>Europam</span> <span class='ocrx_word' id='word_1_95' title='bbox 491 1863 653 1952; x_wconf 83' lang='lat' dir='ltr'>tendere,</span> <span class='ocrx_word' id='word_1_96' title='bbox 681 1865 792 1938; x_wconf 89' lang='lat' dir='ltr'>immo</span> <span class='ocrx_word' id='word_1_97' title='bbox 808 1864 990 1940; x_wconf 88' lang='lat' dir='ltr'>ferillimaa</span> <span class='ocrx_word' id='word_1_98' title='bbox 1007 1866 1110 1941; x_wconf 87' lang='lat' dir='ltr'>adire</span> <span class='ocrx_word' id='word_1_99' title='bbox 1125 1879 1240 1960; x_wconf 81' lang='lat' dir='ltr'>gentes,</span> <span class='ocrx_word' id='word_1_100' title='bbox 1257 1871 1295 1944; x_wconf 83' lang='lat' dir='ltr'>ut,</span> 
     </span>
     <span class='ocr_line' id='line_1_17' title="bbox 286 1955 1295 2060; baseline -0.013 -22"><span class='ocrx_word' id='word_1_101' title='bbox 286 1965 386 2060; x_wconf 87' lang='lat' dir='ltr'>quod</span> <span class='ocrx_word' id='word_1_102' title='bbox 412 1965 482 2036; x_wconf 92' lang='lat' dir='ltr'>illis</span> <span class='ocrx_word' id='word_1_103' title='bbox 510 1959 713 2057; x_wconf 84' lang='lat' dir='ltr'>prosrcuum</span> <span class='ocrx_word' id='word_1_104' title='bbox 737 1963 798 2034; x_wconf 92' lang='lat' dir='ltr'>vel</span> <span class='ocrx_word' id='word_1_105' title='bbox 820 1963 970 2037; x_wconf 87' lang='lat' dir='ltr'>salutare</span> <span class='ocrx_word' id='word_1_106' title='bbox 990 1965 1191 2057; x_wconf 85' lang='lat' dir='ltr'>judicetur,</span> <span class='ocrx_word' id='word_1_107' title='bbox 1212 1955 1295 2030; x_wconf 87' lang='lat' dir='ltr'>sedulo</span> 
     </span>
     <span class='ocr_line' id='line_1_18' title="bbox 285 2053 1292 2160; baseline -0.016 -22"><span class='ocrx_word' id='word_1_108' title='bbox 285 2062 566 2160; x_wconf 82' lang='lat' dir='ltr'>cognoscamus:</span> <span class='ocrx_word' id='word_1_109' title='bbox 591 2061 764 2134; x_wconf 83' lang='lat' dir='ltr'>&#39;nimirum</span> <span class='ocrx_word' id='word_1_110' title='bbox 781 2061 848 2136; x_wconf 83' lang='lat' dir='ltr'>lrac</span> <span class='ocrx_word' id='word_1_111' title='bbox 866 2057 1009 2135; x_wconf 86' lang='lat' dir='ltr'>ratione</span> <span class='ocrx_word' id='word_1_112' title='bbox 1024 2061 1225 2138; x_wconf 88' lang='lat' dir='ltr'>medicinam</span> <span class='ocrx_word' id='word_1_113' title='bbox 1237 2053 1292 2125; x_wconf 83' lang='lat' dir='ltr'>olla</span> 
     </span>
     <span class='ocr_line' id='line_1_19' title="bbox 210 2149 1289 2252; baseline -0.009 -14"><span class='ocrx_word' id='word_1_114' title='bbox 210 2159 214 2170; x_wconf 85' lang='lat'>&#39;</span> <span class='ocrx_word' id='word_1_115' title='bbox 286 2162 511 2252; x_wconf 86' lang='lat' dir='ltr'>summopere</span> <span class='ocrx_word' id='word_1_116' title='bbox 541 2159 798 2252; x_wconf 76' lang='lat' dir='ltr'>locupletatam</span> <span class='ocrx_word' id='word_1_117' title='bbox 822 2159 892 2232; x_wconf 87' lang='lat' dir='ltr'>else</span> <span class='ocrx_word' id='word_1_118' title='bbox 919 2159 1076 2232; x_wconf 84' lang='lat' dir='ltr'>constat.</span> <span class='ocrx_word' id='word_1_119' title='bbox 1128 2159 1214 2230; x_wconf 89' lang='lat' dir='ltr'>Nam</span> <span class='ocrx_word' id='word_1_120' title='bbox 1231 2149 1289 2245; x_wconf 89' lang='lat' dir='ltr'>pos·</span> 
     </span>
    </p>
   </div>
   <div class='ocr_carea' id='block_1_5' title="bbox 49 2255 1291 2356">
    <p class='ocr_par' dir='ltr' id='par_1_5' title="bbox 49 2255 1291 2356">
     <span class='ocr_line' id='line_1_20' title="bbox 49 2255 1291 2356; baseline -0.02 -12"><span class='ocrx_word' id='word_1_121' title='bbox 49 2255 53 2262; x_wconf 39' lang='lat'>⁵</span> <span class='ocrx_word' id='word_1_122' title='bbox 177 2277 179 2280; x_wconf 82' lang='grc'><strong>’</strong></span> <span class='ocrx_word' id='word_1_123' title='bbox 285 2283 393 2356; x_wconf 85' lang='lat' dir='ltr'>quam</span> <span class='ocrx_word' id='word_1_124' title='bbox 411 2257 570 2332; x_wconf 87' lang='lat' dir='ltr'>Scientia</span> <span class='ocrx_word' id='word_1_125' title='bbox 590 2255 763 2348; x_wconf 71' lang='lat' dir='ltr'>Natura,</span> <span class='ocrx_word' id='word_1_126' title='bbox 789 2279 870 2330; x_wconf 89' lang='lat' dir='ltr'>cunr</span> <span class='ocrx_word' id='word_1_127' title='bbox 892 2257 1100 2330; x_wconf 80' lang='lat' dir='ltr'>incredibili</span> <span class='ocrx_word' id='word_1_128' title='bbox 1122 2255 1291 2328; x_wconf 85' lang='lat' dir='ltr'>emolumen-</span> 
     </span>
    </p>
   </div>
   <div class='ocr_carea' id='block_1_6' title="bbox 280 2351 1299 3131">
    <p class='ocr_par' dir='ltr' id='par_1_6' title="bbox 280 2351 1299 3131">
     <span class='ocr_line' id='line_1_21' title="bbox 285 2351 1294 2452; baseline -0.015 -18"><span class='ocrx_word' id='word_1_129' title='bbox 285 2359 416 2440; x_wconf 90' lang='lat' dir='ltr'>tosuo,</span> <span class='ocrx_word' id='word_1_130' title='bbox 443 2356 480 2428; x_wconf 89' lang='lat' dir='ltr'>in</span> <span class='ocrx_word' id='word_1_131' title='bbox 496 2354 902 2450; x_wconf 80' lang='lat' dir='ltr'>Amerlraseprentrlaaalt</span> <span class='ocrx_word' id='word_1_132' title='bbox 918 2353 1075 2430; x_wconf 87' lang='lat' dir='ltr'>adamari</span> <span class='ocrx_word' id='word_1_133' title='bbox 1093 2351 1206 2446; x_wconf 82' lang='lat' dir='ltr'>erepit,</span> <span class='ocrx_word' id='word_1_134' title='bbox 1226 2361 1294 2452; x_wconf 55' lang='lat' dir='ltr'>nau*</span> 
     </span>
     <span class='ocr_line' id='line_1_22' title="bbox 286 2443 1294 2544; baseline -0.019 -15"><span class='ocrx_word' id='word_1_135' title='bbox 286 2479 335 2530; x_wconf 80' lang='lat' dir='ltr'>rae</span> <span class='ocrx_word' id='word_1_136' title='bbox 351 2451 474 2544; x_wconf 83' lang='lat' dir='ltr'>mystae</span> <span class='ocrx_word' id='word_1_137' title='bbox 494 2451 627 2523; x_wconf 89' lang='lat' dir='ltr'>ibidem</span> <span class='ocrx_word' id='word_1_138' title='bbox 649 2467 942 2543; x_wconf 86' lang='lat' dir='ltr'>commorantes,</span> <span class='ocrx_word' id='word_1_139' title='bbox 973 2453 1056 2528; x_wconf 91' lang='lat' dir='ltr'>otio</span> <span class='ocrx_word' id='word_1_140' title='bbox 1080 2451 1143 2526; x_wconf 89' lang='lat' dir='ltr'>suo</span> <span class='ocrx_word' id='word_1_141' title='bbox 1157 2443 1294 2522; x_wconf 86' lang='lat' dir='ltr'>nonindr·</span> 
     </span>
     <span class='ocr_line' id='line_1_23' title="bbox 283 2537 1295 2648; baseline -0.014 -26"><span class='ocrx_word' id='word_1_142' title='bbox 283 2573 392 2648; x_wconf 89' lang='lat' dir='ltr'>gnum</span> <span class='ocrx_word' id='word_1_143' title='bbox 413 2547 620 2640; x_wconf 88' lang='lat' dir='ltr'>judicarunt</span> <span class='ocrx_word' id='word_1_144' title='bbox 638 2548 792 2624; x_wconf 87' lang='lat' dir='ltr'>studium</span> <span class='ocrx_word' id='word_1_145' title='bbox 815 2550 1057 2645; x_wconf 84' lang='lat' dir='ltr'>conquirendi</span> <span class='ocrx_word' id='word_1_146' title='bbox 1086 2551 1180 2622; x_wconf 86' lang='lat' dir='ltr'>vires</span> <span class='ocrx_word' id='word_1_147' title='bbox 1200 2537 1295 2616; x_wconf 83' lang='lat' dir='ltr'>&amp;asur</span> 
     </span>
     <span class='ocr_line' id='line_1_24' title="bbox 284 2637 1295 2742; baseline -0.013 -20"><span class='ocrx_word' id='word_1_148' title='bbox 284 2646 465 2722; x_wconf 89' lang='lat' dir='ltr'>variarum</span> <span class='ocrx_word' id='word_1_149' title='bbox 488 2644 700 2736; x_wconf 88' lang='lat' dir='ltr'>herbarum,</span> <span class='ocrx_word' id='word_1_150' title='bbox 728 2650 835 2742; x_wconf 83' lang='lat' dir='ltr'>etjam</span> <span class='ocrx_word' id='word_1_151' title='bbox 862 2651 906 2720; x_wconf 89' lang='lat' dir='ltr'>ab</span> <span class='ocrx_word' id='word_1_152' title='bbox 928 2647 1157 2721; x_wconf 81' lang='lat' dir='ltr'>Americanis</span> <span class='ocrx_word' id='word_1_153' title='bbox 1179 2637 1295 2716; x_wconf 82' lang='lat' dir='ltr'>barbaris</span> 
     </span>
     <span class='ocr_line' id='line_1_25' title="bbox 281 2737 1299 2839; baseline -0.008 -19"><span class='ocrx_word' id='word_1_154' title='bbox 281 2758 533 2838; x_wconf 67' lang='lat' dir='ltr'>receptarum</span> <span class='ocrx_word' id='word_1_155' title='bbox 575 2745 826 2838; x_wconf 87' lang='lat' dir='ltr'>gratulabundi</span> <span class='ocrx_word' id='word_1_156' title='bbox 855 2746 1061 2839; x_wconf 81' lang='lat' dir='ltr'>accepimus</span> <span class='ocrx_word' id='word_1_157' title='bbox 1091 2747 1181 2820; x_wconf 84' lang='lat' dir='ltr'>bene</span> <span class='ocrx_word' id='word_1_158' title='bbox 1206 2737 1299 2828; x_wconf 80' lang='lat' dir='ltr'>mulla,</span> 
     </span>
     <span class='ocr_line' id='line_1_26' title="bbox 284 2841 1296 2938; baseline -0.011 -20"><span class='ocrx_word' id='word_1_159' title='bbox 284 2845 418 2938; x_wconf 86' lang='lat' dir='ltr'>illaque</span> <span class='ocrx_word' id='word_1_160' title='bbox 433 2842 730 2932; x_wconf 83' lang='lat' dir='ltr'>incomparabilia</span> <span class='ocrx_word' id='word_1_161' title='bbox 754 2844 1038 2932; x_wconf 86' lang='lat' dir='ltr'>medicamenta,</span> <span class='ocrx_word' id='word_1_162' title='bbox 1067 2841 1296 2937; x_wconf 80' lang='lat' dir='ltr'>quebosopu·</span> 
     </span>
     <span class='ocr_line' id='line_1_27' title="bbox 282 2933 1292 3034; baseline -0.001 -18"><span class='ocrx_word' id='word_1_163' title='bbox 282 2944 383 3016; x_wconf 87' lang='lat' dir='ltr'>blico</span> <span class='ocrx_word' id='word_1_164' title='bbox 403 2942 532 3034; x_wconf 87' lang='lat' dir='ltr'>partim</span> <span class='ocrx_word' id='word_1_165' title='bbox 551 2937 716 3012; x_wconf 86' lang='lat' dir='ltr'>dicarunt</span> <span class='ocrx_word' id='word_1_166' title='bbox 734 2942 817 3014; x_wconf 90' lang='lat' dir='ltr'>Viri</span> <span class='ocrx_word' id='word_1_167' title='bbox 842 2939 1028 3022; x_wconf 76' lang='lat' dir='ltr'>Clarissimi</span> <span class='ocrx_word' id='word_1_168' title='bbox 1041 2945 1191 3018; x_wconf 84' lang='lat' dir='ltr'>Caldmut</span> <span class='ocrx_word' id='word_1_169' title='bbox 1204 2933 1292 3016; x_wconf 68' lang='lat' dir='ltr'>&amp;dli</span> 
     </span>
     <span class='ocr_line' id='line_1_28' title="bbox 280 3035 843 3131; baseline -0.009 -14"><span class='ocrx_word' id='word_1_170' title='bbox 280 3047 388 3128; x_wconf 82' lang='lat' dir='ltr'>arius,</span> <span class='ocrx_word' id='word_1_171' title='bbox 415 3035 619 3131; x_wconf 85' lang='lat' dir='ltr'>partimque</span> <span class='ocrx_word' id='word_1_172' title='bbox 636 3039 843 3114; x_wconf 72' lang='lat' dir='ltr'>Barlaamus.</span> 
     </span>
    </p>
   </div>
   <div class='ocr_carea' id='block_1_7' title="bbox 735 3204 882 3305">
    <p class='ocr_par' dir='ltr' id='par_1_7' title="bbox 735 3204 882 3305">
     <span class='ocr_line' id='line_1_29' title="bbox 735 3204 882 3305; baseline -0.007 -22"><span class='ocrx_word' id='word_1_173' title='bbox 735 3213 769 3305; x_wconf 72' lang='lat' dir='ltr'>e.</span> <span class='ocrx_word' id='word_1_174' title='bbox 820 3204 882 3282; x_wconf 82' lang='lat' dir='ltr'>rx.</span> 
     </span>
    </p>
   </div>
   <div class='ocr_carea' id='block_1_8' title="bbox 278 3321 1290 3906">
    <p class='ocr_par' dir='ltr' id='par_1_8' title="bbox 278 3321 1290 3906">
     <span class='ocr_line' id='line_1_30' title="bbox 376 3321 1290 3408; baseline 0.002 -10"><span class='ocrx_word' id='word_1_175' title='bbox 376 3324 441 3399; x_wconf 86' lang='lat' dir='ltr'>Est</span> <span class='ocrx_word' id='word_1_176' title='bbox 470 3326 530 3400; x_wconf 89' lang='lat' dir='ltr'>hie</span> <span class='ocrx_word' id='word_1_177' title='bbox 563 3325 878 3402; x_wconf 77' lang='lat' dir='ltr'>BARTRAMUS</span> <span class='ocrx_word' id='word_1_178' title='bbox 905 3332 1064 3406; x_wconf 80' lang='lat' dir='ltr'>colonus</span> <span class='ocrx_word' id='word_1_179' title='bbox 1092 3321 1290 3408; x_wconf 78' lang='lat' dir='ltr'>Penlilmnir.</span> 
     </span>
     <span class='ocr_line' id='line_1_31' title="bbox 280 3419 1289 3525; baseline -0.002 -25"><span class='ocrx_word' id='word_1_180' title='bbox 280 3423 535 3517; x_wconf 83' lang='lat' dir='ltr'>Philadelplriae</span> <span class='ocrx_word' id='word_1_181' title='bbox 570 3427 716 3514; x_wconf 88' lang='lat' dir='ltr'>accola,</span> <span class='ocrx_word' id='word_1_182' title='bbox 753 3427 947 3502; x_wconf 79' lang='lat' dir='ltr'>noranrces</span> <span class='ocrx_word' id='word_1_183' title='bbox 978 3432 1100 3504; x_wconf 88' lang='lat' dir='ltr'>cultor</span> <span class='ocrx_word' id='word_1_184' title='bbox 1131 3419 1289 3525; x_wconf 71' lang='lat' dir='ltr'>indesesul</span> 
     </span>
     <span class='ocr_line' id='line_1_32' title="bbox 279 3521 1288 3624; baseline -0.003 -28"><span class='ocrx_word' id='word_1_185' title='bbox 279 3521 479 3616; x_wconf 77' lang='lat' dir='ltr'>quinarias</span> <span class='ocrx_word' id='word_1_186' title='bbox 502 3523 641 3614; x_wconf 85' lang='lat' dir='ltr'>plantas</span> <span class='ocrx_word' id='word_1_187' title='bbox 665 3525 923 3624; x_wconf 73' lang='lat' dir='ltr'>pulcherrimas</span> <span class='ocrx_word' id='word_1_188' title='bbox 945 3549 1021 3600; x_wconf 88' lang='lat' dir='ltr'>non</span> <span class='ocrx_word' id='word_1_189' title='bbox 1045 3527 1156 3602; x_wconf 86' lang='lat' dir='ltr'>solum</span> <span class='ocrx_word' id='word_1_190' title='bbox 1178 3523 1288 3595; x_wconf 71' lang='lat' dir='ltr'>deterit·</span> 
     </span>
     <span class='ocr_line' id='line_1_33' title="bbox 280 3615 1289 3721; baseline -0.008 -23"><span class='ocrx_word' id='word_1_191' title='bbox 280 3619 341 3698; x_wconf 86' lang='lat' dir='ltr'>sed</span> <span class='ocrx_word' id='word_1_192' title='bbox 359 3641 418 3694; x_wconf 89' lang='lat' dir='ltr'>eas</span> <span class='ocrx_word' id='word_1_193' title='bbox 436 3621 545 3711; x_wconf 88' lang='lat' dir='ltr'>etjam</span> <span class='ocrx_word' id='word_1_194' title='bbox 564 3619 607 3695; x_wconf 85' lang='lat' dir='ltr'>ad</span> <span class='ocrx_word' id='word_1_195' title='bbox 628 3623 811 3709; x_wconf 82' lang='lat' dir='ltr'>Coldrnum,</span> <span class='ocrx_word' id='word_1_196' title='bbox 840 3615 1110 3721; x_wconf 72' lang='lat' dir='ltr'>Collinsonrsrm&amp;</span> <span class='ocrx_word' id='word_1_197' title='bbox 1125 3625 1289 3699; x_wconf 68' lang='lat' dir='ltr'>uraniam</span> 
     </span>
     <span class='ocr_line' id='line_1_34' title="bbox 278 3718 1290 3818; baseline -0.006 -24"><span class='ocrx_word' id='word_1_198' title='bbox 278 3719 446 3810; x_wconf 83' lang='lat' dir='ltr'>aliosque</span> <span class='ocrx_word' id='word_1_199' title='bbox 467 3718 679 3808; x_wconf 83' lang='lat' dir='ltr'>transmisit,</span> <span class='ocrx_word' id='word_1_200' title='bbox 707 3719 931 3814; x_wconf 79' lang='lat' dir='ltr'>&amp;praterea</span> <span class='ocrx_word' id='word_1_201' title='bbox 948 3721 1121 3797; x_wconf 72' lang='lat' dir='ltr'>lbminum</span> <span class='ocrx_word' id='word_1_202' title='bbox 1134 3722 1290 3818; x_wconf 70' lang='lat' dir='ltr'>plantarum</span> 
     </span>
     <span class='ocr_line' id='line_1_35' title="bbox 279 3809 1287 3906; baseline -0.004 -16"><span class='ocrx_word' id='word_1_203' title='bbox 279 3815 461 3898; x_wconf 74' lang='lat' dir='ltr'>Americae</span> <span class='ocrx_word' id='word_1_204' title='bbox 488 3813 781 3906; x_wconf 87' lang='lat' dir='ltr'>septentrionalis</span> <span class='ocrx_word' id='word_1_205' title='bbox 806 3839 925 3894; x_wconf 86' lang='lat' dir='ltr'>annua</span> <span class='ocrx_word' id='word_1_206' title='bbox 953 3819 1169 3896; x_wconf 79' lang='lat' dir='ltr'>eolleslione</span> <span class='ocrx_word' id='word_1_207' title='bbox 1187 3809 1287 3904; x_wconf 68' lang='lat' dir='ltr'>Angit</span> 
     </span>
    </p>
   </div>
   <div class='ocr_carea' id='block_1_9' title="bbox 278 3905 1290 4088">
    <p class='ocr_par' dir='ltr' id='par_1_9' title="bbox 278 3905 1290 4088">
     <span class='ocr_line' id='line_1_36' title="bbox 278 3905 1290 4088; baseline 0.003 -92"><span class='ocrx_word' id='word_1_208' title='bbox 278 3911 412 3996; x_wconf 74' lang='lat' dir='ltr'>tortos</span> <span class='ocrx_word' id='word_1_209' title='bbox 434 3911 581 3994; x_wconf 78' lang='lat' dir='ltr'>ditavit.</span> <span class='ocrx_word' id='word_1_210' title='bbox 633 3912 701 3999; x_wconf 82' lang='lat' dir='ltr'>Ille</span> <span class='ocrx_word' id='word_1_211' title='bbox 722 3937 839 4020; x_wconf 84' lang='lat' dir='ltr'>nuper</span> <span class='ocrx_word' id='word_1_212' title='bbox 860 3917 969 4075; x_wconf 57' lang='lat' dir='ltr'>tohu</span> <span class='ocrx_word' id='word_1_213' title='bbox 989 3917 1092 4002; x_wconf 82' lang='lat' dir='ltr'>dedit</span> <span class='ocrx_word' id='word_1_214' title='bbox 1114 3905 1290 4088; x_wconf 52' lang='lat' dir='ltr'>obirttinlg</span> 
     </span>
    </p>
   </div>
   <div class='ocr_carea' id='block_1_10' title="bbox 0 0 1344 4756">
    <p class='ocr_par' dir='ltr' id='par_1_10' title="bbox 0 0 1344 4756">
     <span class='ocr_line' id='line_1_37' title="bbox 0 0 1344 4756; baseline 0 3"><span class='ocrx_word' id='word_1_215' title='bbox 0 0 1344 4756; x_wconf 95' lang='lat' dir='ltr'> </span> 
     </span>
    </p>
   </div>
  </div>
 </body>
</html>
