2606 4748
95 293 357 374 CHINENSIA
381 293 912 376 LAGERSTROEMIANA.
952 317 1022 396 ης

37 477 111 572 prinis
131 475 340 572 fimplicibus
362 447 583 550 detenditur
600 475 891 571 medicamentis,
916 480 953 555 in
975 501 1023 554 eo

40 573 222 648 crrenostris
239 573 445 666 feliciores,
475 585 612 648 norunt
632 574 707 648 fine
724 573 860 648 Medici
885 577 1023 652 auxilio

40 693 65 742 er
73 671 192 746 officinis
210 669 278 745 fuis
297 669 334 746 in
353 692 581 764 quocumque
596 673 751 762 morbo,
775 671 922 766 poscere
939 695 1023 768 pro·

40 771 100 862 prin
116 771 265 862 plantam
287 767 395 844 instar
423 765 601 862 specifici,
630 772 736 862 cujus
758 769 883 864 saepius
909 771 1025 846 solum

37 865 131 940 illlum
147 867 338 958 hauriunt,
367 865 511 958 quodsi
533 863 690 939 frustrari
715 887 779 940 eos
802 866 1023 962 contigerit,
1106 929 1109 943 ,

34 961 98 1036 itum
118 961 206 1038 fuum
228 961 445 1058 exspeftant.
497 962 583 1037 Hoc
607 965 858 1056 experimento
880 965 1025 1040 illustris

31 1061 61 1130 vir
71 1063 205 1135 cordatis
219 1059 370 1135 medicis
388 1081 408 1133 a
436 1061 550 1150 erult,
576 1075 747 1154 quantum
764 1063 855 1135 lucri
876 1063 1025 1136 medici·

28 1177 59 1227 na
72 1159 255 1247 accederet,
280 1158 305 1232 fr
328 1081 498 1231 Medeae
517 1155 629 1232 solida
650 1157 855 1232 eruditione
877 1154 1024 1235 Macha-

26 1253 81 1326 mir
97 1255 123 1328 dr
139 1256 311 1330 butanica
341 1253 551 1344 instrufius,
579 1255 656 1329 haec
677 1255 937 1332 medicamenta
960 1256 1024 1332 sabi

26 1349 142 1425 redderet
154 1353 361 1442 familiaria,
387 1351 516 1446 quibus
533 1353 607 1426 Res
623 1353 784 1446 medica,
808 1354 853 1428 de
870 1353 1025 1430 medica·

27 1449 114 1520 nentis
128 1448 298 1544 specificis
319 1447 514 1524 etiamnum
536 1449 756 1546 incognitis,
789 1451 826 1526 in
849 1467 1025 1550 egrotan-

30 1543 85 1617 tlun
102 1545 254 1638 salutem',
287 1562 359 1620 tam
376 1549 489 1621 multa
507 1547 730 1642 acquireret,
754 1571 858 1643 quarn
883 1550 1026 1624 doleret

34 1637 172 1733 femere,
197 1645 367 1741 fiignota
389 1641 502 1718 essent
516 1645 639 1720 omnia
662 1666 729 1736 ea,
752 1645 1024 1740 quaebeneficio

31 1733 95 1810 tol
108 1742 205 1818 bodie
223 1743 372 1838 cognita
389 1739 480 1815 sunt.
531 1741 629 1816 Hinc
646 1743 790 1818 medico
809 1747 933 1836 omni,
960 1743 1024 1818 im·

30 1835 110 1926 prinis
131 1861 217 1914 vero
245 1839 371 1934 Regiis
405 1837 578 1934 Collegiis
610 1839 768 1914 Medicis
797 1841 1024 1916 commenda·

30 1952 91 2008 nus.
112 1949 147 2008 ut
174 1939 267 2012 nulli
295 1951 446 2031 parcant
473 1937 591 2012 labori
620 1937 800 2032 nullisque
828 1937 1024 2037 sumtibus,

33 2045 164 2126 uuquam
184 2037 264 2110 baec
288 2035 422 2110 notitia
446 2031 518 2108 illis
540 2033 671 2108 evadat
689 2034 885 2110 familiaris.

82 2224 120 2302 lx
137 2229 190 2304 bis
211 2229 343 2304 &aliis
361 2227 524 2325 plurimis
541 2225 855 2303 observationibus
869 2225 952 2304 fatis
971 2229 1025 2304 su·

38 2339 117 2414 leque
137 2343 259 2424 patet,
297 2326 383 2423 quid
404 2327 448 2402 nd
468 2337 696 2422 augmentum
718 2322 945 2402 scientiarum
969 2328 1025 2400 vi·

35 2413 109 2494 dcam
127 2425 258 2500 deelfe:
290 2423 463 2500 institutis
481 2419 667 2518 stipendiis
682 2421 837 2518 publicis
857 2425 1025 2520 &priva-

32 2511 228 2600 isladon
263 2523 427 2598 exoticas
461 2519 614 2596 adcundi
651 2520 845 2616 quotannis
883 2521 1025 2598 Acade·

30 2611 95 2698 nias,
116 2621 335 2696 occasionem
351 2619 523 2709 habuere,
548 2631 591 2692 ut
606 2616 669 2692 fibi
691 2617 883 2692 familiares
901 2620 1026 2695 redde·

29 2727 79 2781 nm
90 2711 235 2792 scientias
250 2721 383 2809 varias,
401 2737 518 2812 eoque
535 2712 665 2789 eruditi
677 2715 893 2806 evaderent3
917 2739 1025 2812 quum

29 2823 84 2878 lero
106 2817 275 2910 pleraque
302 2815 459 2890 scientim
488 2813 583 2908 apud
607 2834 675 2886 nos
702 2825 774 2885 tam
799 2811 956 2889 feliciter
983 2836 1026 2888 ac

29 2905 85 2990 apul
105 2923 240 2987 exteros
270 2913 450 3002 floreant,
488 2911 526 2985 in
554 2909 655 2984 votis
687 2907 792 2999 elfet,
827 2925 869 2986 ut
897 2910 1026 3005 aliquis

27 2995 136 3078 bruma
154 3010 261 3084 bonis
281 3011 431 3102 valens,
456 3005 634 3102 ejusmodi
652 3005 753 3080 daret
769 3005 946 3104 stipendia
964 3014 1032 3084 nai

28 3105 82 3169 ura
97 3105 255 3196 curiolis,
286 3105 347 3201 qui
371 3125 497 3180 eorum
520 3125 593 3200 ope
615 3102 714 3178 adire
744 3103 886 3198 polfent
908 3105 1027 3182 natio·

27 3209 66 3263 ms
80 3215 163 3274 extra
185 3203 366 3298 Europam
392 3203 587 3298 degentes,
616 3221 703 3296 quas
730 3199 882 3280 dicimus
902 3203 1027 3278 barba·

27 3305 74 3395 ¹³53
92 3297 174 3372 unde
198 3316 297 3376 certe
314 3303 422 3397 longe
439 3299 599 3392 maiora,
624 3299 663 3374 in
684 3300 852 3390 omnibus
873 3300 1027 3394 discipli·

28 3395 261 3487 supraducta,
305 3395 547 3472 redundarent
582 3393 774 3490 Europaeis
814 3409 1027 3496 augmenta,

32 3497 93 3565 lun
108 3491 160 3565 bic
176 3495 243 3588 rite
265 3495 446 3589 explicare
468 3493 597 3581 liceat3
625 3491 816 3568 &iniimul
836 3496 939 3572 natio
961 3516 1028 3569 no·

34 3571 84 3672 ln,
101 3609 167 3664 non
185 3593 302 3667 minus
319 3613 424 3686 quam
442 3588 519 3686 ipse
536 3589 723 3665 institutor
743 3591 897 3689 famam,
923 3591 1027 3670 nullo

36 3679 143 3775 tttpore
160 3687 441 3784 succubituram,
466 3689 671 3788 attingeret
