2678 4756
239 228 309 308 532
425 197 680 277 SPECIFICA
705 197 1102 280 CANADENSIUM.

241 389 454 488 adserenda,
478 386 715 481 tollendoque
736 387 845 478 malo,
872 387 1016 462 meliori
1030 387 1230 462 minorive
1244 388 1292 460 atl-

241 491 418 574 rninieulo
441 483 648 580 providisse.

340 609 455 682 Porro
480 605 709 678 Medicorum
727 626 812 678 cura
830 605 921 695 erit,
946 605 1053 680 altius
1079 605 1301 678 naturam&

242 710 343 784 vires
368 707 494 780 harum
522 703 711 776 herbarum
743 702 932 798 indagare,
966 704 1241 795 emendareque
1265 723 1300 774 u·

243 807 317 882 sum
337 823 458 877 earum
477 802 510 874 ἃ
529 801 621 888 alia,
648 823 728 893 quae
751 801 960 875 inconditos
977 801 1231 874 Americanos
1245 801 1301 871 ad-

244 906 316 980 huc
340 903 437 976 forte
459 900 618 988 lateant,
650 912 780 992 utpote
803 916 956 990 quorum
983 899 1130 972 theoria
1154 897 1298 970 Medica

245 1022 314 1076 nec
342 1000 423 1071 dum
451 994 693 1069 commendari
717 993 841 1090 poffit3
875 995 1023 1070 sufficiat
1051 1011 1177 1070 autern
1204 997 1293 1086 mili,

246 1121 293 1172 ex
310 1097 452 1170 ratione
468 1091 626 1167 muneris
644 1093 820 1169 Historici
841 1095 1037 1186 naturalia,
1069 1093 1147 1168 visa
1167 1094 1294 1168 audita·

247 1218 316 1293 que
338 1195 375 1267 in
395 1191 552 1265 medium
570 1188 724 1264 vocasse.

344 1313 394 1388 Et
408 1315 454 1388 fic
468 1312 611 1400 tandem
624 1310 724 1385 usum
741 1312 961 1405 quarundam
975 1313 1167 1386 herbarum
1185 1311 1302 1388 listere

246 1414 373 1500 licuit,
401 1411 555 1505 primum
578 1409 742 1501 quidem,
777 1423 818 1482 ut
846 1405 908 1500 frt,
939 1409 1028 1484 milri
1058 1413 1201 1485 nullius
1231 1434 1304 1484 mo-

245 1511 385 1600 menti,
414 1522 544 1602 preter
569 1505 844 1582 delebationem
865 1508 1032 1582 Botanici
1059 1508 1222 1600 curiofi,
1249 1511 1302 1580 ni·

245 1610 341 1695 sum;
365 1607 463 1680 Dein
483 1626 588 1694 vero,
614 1601 698 1677 dum
716 1605 754 1678 in
773 1603 931 1679 'mentem
944 1625 1085 1678 revoco
1095 1627 1230 1679 eorum
1248 1629 1305 1680 ex·

246 1703 534 1803 probrationem,
559 1700 619 1792 qui
636 1702 816 1794 quondam
831 1724 889 1776 me
903 1702 1220 1776 videruntherbas
1233 1709 1305 1776 col·

247 1805 443 1899 ligentem,
468 1819 536 1890 qua
561 1797 660 1872 vires
684 1800 718 1873 u
740 1798 859 1888 usum,
887 1820 945 1874 me
969 1801 1002 1872 u
1027 1801 1116 1874 alias
1133 1801 1302 1888 latentes,

248 1899 506 1994 quaesrverunt:
540 1893 606 1969 Cui
627 1895 757 1972 bonol
788 1919 940 1992 cumque
961 1919 1087 1972 eorum
1111 1897 1304 1984 remrdor,

249 1996 310 2092 qui
327 1996 477 2070 Natmae
500 1991 663 2068 curiosos
682 1993 910 2070 ludificantes
930 1997 1097 2089 aiebant,
1132 1995 1217 2068 satis
1237 1997 1304 2068 elle

250 2095 330 2170 aliis
345 2092 503 2189 negotiis
522 2091 673 2185 impari,
698 2093 839 2167 muscos
853 2095 885 2166 u
901 2091 1037 2170 muscas
1055 2095 1204 2186 legere3
1227 2093 1300 2188 lup

249 2191 384 2290 puduit
398 2190 467 2265 mei
486 2191 675 2282 homines,
700 2191 834 2284 quippe
853 2191 913 2284 qui
932 2191 969 2265 in
986 2191 1180 2264 itineribus
1199 2195 1301 2278 meis,

250 2291 424 2381 aureaque
456 2287 703 2381 experientia,
735 2287 886 2362 meliora
914 2287 1084 2373 adultus,
1125 2289 1303 2372 intellexi,

249 2411 328 2466 earn
347 2387 489 2459 demum
504 2385 670 2472 herbam,
695 2407 800 2478 quam
824 2384 920 2459 forte
943 2399 983 2460 ut
999 2384 1202 2462 vilissimam
1217 2385 1303 2480 supe

249 2502 402 2558 numero
425 2479 565 2572 sprevi,
589 2481 813 2556 utilliffimam
839 2483 1193 2577 pretioliffimamque
1212 2483 1301 2558 iore.

249 2579 350 2683 Quin
376 2576 507 2666 didici,
548 2576 644 2654 illam
673 2581 907 2674 utplurimum
930 2603 1027 2671 rem,
1064 2583 1216 2656 herbam
1240 2604 1300 2676 pu-

250 2691 302 2768 ta,
328 2673 494 2749 inlettum
513 2673 580 2751 &e
605 2675 796 2771 vilipendi,
825 2678 932 2752 floc'ci
950 2679 1130 2772 naucique
1147 2682 1303 2774 primurn

249 2773 382 2850 latium
403 2770 494 2865 esse,
517 2794 617 2866 quae,
643 2773 727 2850 daun
742 2774 839 2852 usum
858 2777 892 2849 δι
911 2777 1082 2850 virtutem
1104 2775 1202 2851 liram
1220 2801 1302 2872 pru

250 2873 376 2964 bavit,
403 2871 479 2944 fere
497 2892 641 2944 omnem
658 2872 930 2976 estimationem
946 2873 1144 2970 longissime
1163 2875 1302 2970 supera·

103 3000 108 3009 ’
249 2972 357 3043 verit.
394 2967 485 3058 Coras.
504 2973 640 3042 anteced.
661 2972 712 3044 N.
727 2983 781 3054 18.

350 3109 407 3180 39.
444 3085 705 3164 LONICERA
739 3085 959 3186 (Diervilla)
995 3094 1123 3168 eodem
1158 3095 1302 3169 autiore

251 3183 544 3274 dommendatur,
576 3198 618 3260 ut
637 3187 760 3262 efficax
786 3192 821 3264 in
847 3191 1077 3266 Genorrlroea
1096 3193 1130 3264 br
1150 3191 1302 3288 suppres-

250 3283 350 3355 sione
376 3281 510 3370 urinae,
548 3282 866 3380 frequentaturque
895 3291 933 3362 in
960 3289 1131 3364 Ameriea
1164 3291 1301 3366 boreali

252 3383 320 3454 viri.
340 3381 447 3452 Kalm.
468 3379 577 3452 Relat.
590 3404 649 3470 40.

346 3525 404 3589 40.
424 3501 1170 3600 CHENOPODIUM(nuthtlntintlrr'turn).
1191 3513 1296 3583 Serni-

245 3621 297 3680 na
316 3601 556 3671 communiter
568 3600 781 3694 usurpantur
799 3605 965 3679 adversus
987 3629 1128 3681 vermes
1144 3609 1236 3701 apud
1252 3609 1297 3680 A·

249 3695 453 3771 mericanos
474 3697 659 3790 boreales,
686 3701 744 3791 qui
764 3703 845 3775 inde
871 3705 970 3778 omni
994 3707 1066 3776 alio
1088 3709 1296 3778 anthelmiu-

250 3796 353 3874 thico
375 3794 471 3866 ultro
491 3810 626 3868 carent.
680 3803 809 3873 Semina
830 3806 1000 3876 lumbricos
1018 3827 1033 3876 e
1048 3808 1234 3900 corperilrrs
1249 3813 1295 3876 ir:-

242 3891 373 3984 fantum
390 3895 562 3986 expellunt.
605 3897 712 3992 Clayl.
732 3905 913 3994 virg.145.

219 3998 224 4008 '
268 4033 288 4058 a
1012 4045 1018 4059 ·
1081 4020 1140 4090 41.
1160 3995 1291 4072 AGRl-
