2678 4756
281 233 352 331 330·
472 203 723 307 sancimen
748 213 1138 306 canaonusruu‘

281 421 338 497 ori
353 417 451 494 vidbu
466 415 652 510 vescatur,
677 439 720 490 ac
736 412 812 514 ipio
830 408 973 513 'quidem
990 441 1034 492 ex
1051 439 1159 514 regno
1174 431 1274 512 vegete

281 513 546 604 b'iliidesumtO,
571 517 708 591 tametss
726 532 998 612 carnelquoque
1022 529 1232 612 aegrotantem
1245 517 1275 587 ir·

280 616 420 692 terdum
440 616 486 687 aii
506 612 632 690 liceat.
656 614 788 686 Altero
812 613 890 704 die,
915 613 1073 706 itemque
1093 609 1211 702 tertio,
1228 635 1278 706 per·

280 716 334 812 git
346 735 438 808 aeger
459 713 582 786 eadem
601 712 661 784 via
680 709 869 784 decoctum
883 731 958 785 non
974 711 1088 784 solum
1104 711 1227 800 bibens,
1242 709 1281 782 sed

281 809 446 906 quotidie
463 809 590 882 eodem
610 809 718 900 etjam
739 806 772 881 se
790 821 929 898 totum,
959 809 1182 902 &precipue
1198 819 1280 900 partu

280 909 396 996 laesas,
423 911 570 994 lavans;
595 901 826 979 continuabit
844 907 985 980 dietam
1001 906 1136 980 isthanc
1156 927 1209 999 per
1225 925 1276 994 qn

280 1005 482 1080 tuordecim
497 1003 595 1092 dies,
621 1017 658 1075 at
670 1001 881 1097 septimanas
898 1017 992 1094 tres,
1017 1025 1065 1076 err
1085 1005 1202 1098 quihus
1217 1021 1274 1074 uor-

280 1105 364 1179 bum
377 1103 470 1176 haud
488 1123 571 1174 raro
588 1099 788 1194 superatum
808 1102 963 1195 experiri
981 1101 1169 1198 contingit
1237 1147 1242 1158 ·

284 1223 289 1332 ζ
374 1236 410 1308 Si
423 1223 577 1330 aegro'tus
592 1238 751 1310 ulcerum
770 1237 897 1334 plenus
913 1236 984 1330 est,
1008 1237 1073 1311 sub
1087 1233 1279 1316 continued

279 1333 403 1412 eadem
423 1335 599 1408 vertenda
626 1334 815 1408 adhibetur
845 1335 962 1408 Geum
988 1337 1139 1410 floribus
1164 1331 1280 1408 nutanti·

278 1429 347 1508 bus
369 1429 485 1506 uuna
502 1432 688 1526 oblongo,
712 1431 883 1506 seminum
906 1433 1018 1506 cauda
1039 1433 1140 1506 molli
1152 1427 1280 1526 piumoia

278 1529 382 1607 Lina.
403 1531 482 1628 flor.
507 1532 600 1603 Soec.
615 1551 699 1619 424.
725 1529 818 1622 apud
841 1551 905 1603 eos
923 1529 1086 1606 crescens
1104 1531 1188 1602 locis
1202 1527 1282 1600 humi·

279 1627 346 1703 dis.
391 1627 509 1726 Hujus
521 1625 622 1700 radix
636 1626 830 1716 exsiccata,
855 1627 1095 1722 pulverisata,
1118 1625 1282 1719 inspergitur

278 1725 460 1800 ulceribus
478 1723 704 1816 deputandis.
754 1721 804 1796 Et
816 1725 924 1798 ficubi
942 1725 1134 1814 acciderit,
1158 1738 1208 1812 ut,
1225 1721 1282 1792 dm

181 1905 185 1920 ‚
277 1823 425 1899 morbus
453 1821 559 1893 altius
588 1837 760 1916 aegrotum
787 1821 985 1913 obsederit,
1014 1845 1139 1916 parurn
1158 1817 1281 1915 proficiat

278 1920 342 1995 usu
371 1917 510 1992 decocti
540 1918 719 2008 Lobeliae,
751 1918 931 1994 sumantur
962 1921 1102 1994 radices
1123 1913 1281 1992 Ranunrui

277 2016 379 2092 foliis
397 2017 611 2090 radicalibus
633 2016 889 2092 reniformibus
908 2019 1087 2107 crematis,
1111 2016 1239 2102 caulinis
1249 2013 1282 2084 di·

277 2115 400 2212 gitatis
423 2114 619 2209 petiolatis.
635 2113 804 2192 Gronov.
818 2115 854 2188 fl.
868 2115 1021 2211 virgin,
1049 2113 1221 2189 mundatas
1239 2131 1280 2182 m·

278 2214 374 2288 sceas
389 2211 563 2304 Loium,
585 2233 734 2306 coquas,
756 2211 1014 2306 decoctumque
1031 2233 1127 2310 agro
1140 2207 1279 2306 propinet

251 2310 323 2415 ,In
344 2311 400 2384 his
423 2310 763 2384 tamencavendum
788 2309 859 2401 est,
890 2309 1109 2402 nenimium
1131 2309 1221 2402 hujus
1236 2305 1280 2376 Ra·

278 2407 428 2483 nunculi
454 2405 629 2494 sumatur,
663 2409 797 2499 quippe
822 2429 896 2502 quo
925 2406 1160 2482 inflammatio
1184 2399 1281 2478 intesti·

277 2524 409 2576 norum
436 2499 542 2573 facile
567 2500 655 2574 oriri
677 2503 804 2595 posset,
854 2504 1058 2580 Decodiom
1082 2503 1152 2580 hoc
1169 2497 1281 2576 mirifice

171 2661 176 2669 .
276 2610 406 2693 purgat
422 2597 675 2691 vomitumque
698 2599 793 2693 ciet,
823 2600 967 2704 &spem
983 2625 1130 2680 ornnem
1153 2593 1280 2677 succedit

169 2703 182 2724 ‘
275 2695 403 2788 aquae
454 2694 517 2770 Sin
542 2711 659 2770 autem
682 2695 826 2774 fortius'
841 2700 972 2790 fuerit,
1005 2687 1147 2776 veneni
1158 2711 1281 2772 naturam

275 2791 416 2884 induit,
449 2792 544 2866 haud
573 2795 676 2868 aliter
706 2817 748 2869 ac
772 2797 888 2890 Radix
912 2795 1097 2894 Angelieae
1122 2789 1281 2870 canadenir

274 2913 487 2986 purpurea,
522 2913 599 2984 quae
633 2895 801 2968 acerbum
836 2895 924 2967 illud
949 2895 1111 2968 toxicum
1140 2891 1204 2980 est,
1232 2905 1282 2980 quo

277 3011 409 3062 uxores
431 2987 619 3079 Ferorum‚
647 2991 770 3064 avitis
789 2988 856 3064 sois
872 2991 1026 3085 rejeiiae,
1052 2991 1185 3086 seipsas
1203 2989 1279 3060 inter·

194 3085 201 3092 '
274 3083 423 3158 necioni
442 3083 525 3157 dare
542 3087 679 3185 (olent,
706 3111 746 3160 ac
766 3090 823 3162 cui
845 3112 1003 3178 veneno,
1030 3113 1077 3162 ne
1091 3091 1158 3164 ulia
1176 3083 1280 3186 quidni

274 3181 476 3269 medicina,
516 3185 600 3274 quin
636 3183 708 3278 ipsa
739 3185 896 3280 praefidia
929 3186 1095 3261 adversus
1132 3179 1281 3259 Caudisou

274 3278 434 3367 morsus,
461 3281 666 3383 antidotum
681 3305 756 3357 non
778 3283 840 3358 est.

372 3406 459 3517 drot
476 3407 616 3503 insuper
637 3414 727 3488 alius
750 3420 910 3492 virorum
927 3419 1106 3510 ferorum,
1132 3415 1279 3494 curatione

274 3505 396 3614 morbi⁸
412 3507 558 3578 venerei
579 3509 746 3598 inclitus,
771 3537 813 3588 ac
837 3519 939 3606 cujus
957 3516 1038 3590 fidei
1060 3521 1098 3592 in
1119 3509 1279 3592 revelandis

276 3623 415 3713 arcanis
431 3601 499 3676 suis
512 3608 662 3679 multum
675 3612 1233 3712 tribuebatChiliarcba'Johnson
1250 3609 1279 3688 5⁵2

274 3719 441 3791 inquam,
469 3703 602 3775 etiamsi
622 3704 782 3781 Lobcliae
800 3709 893 3782 trsttm
915 3716 1122 3786 tantundem
1139 3703 1278 3785 collauda·

273 3798 356 3885 bat,
381 3813 502 3870 tamon
524 3801 671 3890 majoris
692 3805 847 3879 iaciebat
872 3808 1025 3882 Radices
1048 3793 1277 3886 CEANOTffl

272 3895 427 3985 Linnaez',
461 3893 522 3968 seu
548 3894 792 3978 CELASTRI
822 3903 974 3996 irrernriss
1000 3905 1094 4001 soliis
1118 3912 1211 3984 oanis
1228 3898 1252 3995 s
1262 3931 1278 4006 Δ·

1222 4011 1274 4068 ratu
