<?xml version="1.0" encoding="UTF-8"?>
<!DOCTYPE html PUBLIC "-//W3C//DTD XHTML 1.0 Transitional//EN"
    "http://www.w3.org/TR/xhtml1/DTD/xhtml1-transitional.dtd">
<html xmlns="http://www.w3.org/1999/xhtml" xml:lang="en" lang="en">
 <head>
  <title>
</title>
<meta http-equiv="Content-Type" content="text/html;charset=utf-8" />
  <meta name='ocr-system' content='tesseract 3.04.00' />
  <meta name='ocr-capabilities' content='ocr_page ocr_carea ocr_par ocr_line ocrx_word'/>
</head>
<body>
  <div class='ocr_page' id='page_1' title='image "./carolialinnequi07schrgoog_0388.png"; bbox 0 0 2584 4770; ppageno 0'>
   <div class='ocr_carea' id='block_1_1' title="bbox 110 157 1035 331">
    <p class='ocr_par' dir='ltr' id='par_1_1' title="bbox 110 157 1035 331">
     <span class='ocr_line' id='line_1_1' title="bbox 110 157 1035 331; baseline 0.021 -37"><span class='ocrx_word' id='word_1_1' title='bbox 110 210 549 331; x_wconf 63' lang='lat' dir='ltr'><strong>neranomuosrs</strong></span> <span class='ocrx_word' id='word_1_2' title='bbox 574 157 931 320; x_wconf 70' lang='lat' dir='ltr'><strong>conuentum</strong></span> <span class='ocrx_word' id='word_1_3' title='bbox 961 219 1035 318; x_wconf 78' lang='lat' dir='ltr'><strong>ors</strong></span> 
     </span>
    </p>
   </div>
   <div class='ocr_carea' id='block_1_2' title="bbox 10 395 1065 1772">
    <p class='ocr_par' dir='ltr' id='par_1_2' title="bbox 10 395 1065 1772">
     <span class='ocr_line' id='line_1_2' title="bbox 11 395 1036 508; baseline -0.002 -28"><span class='ocrx_word' id='word_1_4' title='bbox 11 402 259 508; x_wconf 75' lang='lat' dir='ltr'><strong>tornatumico</strong></span> <span class='ocrx_word' id='word_1_5' title='bbox 268 399 436 490; x_wconf 83' lang='lat' dir='ltr'><strong>reserata,</strong></span> <span class='ocrx_word' id='word_1_6' title='bbox 462 395 552 473; x_wconf 82' lang='lat' dir='ltr'><strong>&amp;ab</strong></span> <span class='ocrx_word' id='word_1_7' title='bbox 565 397 1036 498; x_wconf 82' lang='lat' dir='ltr'><strong>anatomicoquodamper·</strong></span> 
     </span>
     <span class='ocr_line' id='line_1_3' title="bbox 12 491 1037 594; baseline 0.006 -22"><span class='ocrx_word' id='word_1_8' title='bbox 12 495 211 594; x_wconf 83' lang='lat' dir='ltr'><strong>spiracillimo</strong></span> <span class='ocrx_word' id='word_1_9' title='bbox 235 491 462 588; x_wconf 80' lang='lat' dir='ltr'><strong>examinata,</strong></span> <span class='ocrx_word' id='word_1_10' title='bbox 493 519 572 572; x_wconf 91' lang='lat' dir='ltr'><strong>non</strong></span> <span class='ocrx_word' id='word_1_11' title='bbox 597 491 718 592; x_wconf 82' lang='lat' dir='ltr'><strong>potest</strong></span> <span class='ocrx_word' id='word_1_12' title='bbox 740 515 817 572; x_wconf 89' lang='lat' dir='ltr'><strong>non</strong></span> <span class='ocrx_word' id='word_1_13' title='bbox 840 497 909 576; x_wconf 80' lang='lat' dir='ltr'><strong>elle</strong></span> <span class='ocrx_word' id='word_1_14' title='bbox 927 503 1037 578; x_wconf 83' lang='lat' dir='ltr'><strong>unius</strong></span> 
     </span>
     <span class='ocr_line' id='line_1_4' title="bbox 11 593 1036 698; baseline 0.008 -29"><span class='ocrx_word' id='word_1_15' title='bbox 11 598 212 691; x_wconf 71' lang='lat' dir='ltr'><strong>eiusdemque</strong></span> <span class='ocrx_word' id='word_1_16' title='bbox 224 595 357 692; x_wconf 87' lang='lat' dir='ltr'><strong>speciei</strong></span> <span class='ocrx_word' id='word_1_17' title='bbox 374 617 456 670; x_wconf 88' lang='lat' dir='ltr'><strong>cum</strong></span> <span class='ocrx_word' id='word_1_18' title='bbox 467 593 613 670; x_wconf 79' lang='lat' dir='ltr'>Gallina</span> <span class='ocrx_word' id='word_1_19' title='bbox 629 595 829 688; x_wconf 89' lang='lat' dir='ltr'><strong>communi,</strong></span> <span class='ocrx_word' id='word_1_20' title='bbox 853 595 1036 698; x_wconf 88' lang='lat' dir='ltr'><strong>licetpen·</strong></span> 
     </span>
     <span class='ocr_line' id='line_1_5' title="bbox 17 687 1038 790; baseline 0.008 -23"><span class='ocrx_word' id='word_1_21' title='bbox 17 697 135 788; x_wconf 80' lang='lat' dir='ltr'><strong>noejus</strong></span> <span class='ocrx_word' id='word_1_22' title='bbox 157 717 322 770; x_wconf 80' lang='lat' dir='ltr'><strong>recurvae</strong></span> <span class='ocrx_word' id='word_1_23' title='bbox 342 695 431 786; x_wconf 83' lang='lat' dir='ltr'><strong>lint,</strong></span> <span class='ocrx_word' id='word_1_24' title='bbox 455 693 491 766; x_wconf 70' lang='grc' dir='ltr'>ἀ</span> <span class='ocrx_word' id='word_1_25' title='bbox 510 713 624 790; x_wconf 85' lang='lat' dir='ltr'><strong>genua</strong></span> <span class='ocrx_word' id='word_1_26' title='bbox 642 687 740 767; x_wconf 87' lang='lat' dir='ltr'><strong>suum</strong></span> <span class='ocrx_word' id='word_1_27' title='bbox 763 715 842 771; x_wconf 93' lang='lat' dir='ltr'><strong>non</strong></span> <span class='ocrx_word' id='word_1_28' title='bbox 858 709 1038 776; x_wconf 88' lang='lat' dir='ltr'><strong>mutatum</strong></span> 
     </span>
     <span class='ocr_line' id='line_1_6' title="bbox 18 787 1038 888; baseline 0.008 -25"><span class='ocrx_word' id='word_1_29' title='bbox 18 805 175 888; x_wconf 77' lang='lat' dir='ltr'>propaget,</span> <span class='ocrx_word' id='word_1_30' title='bbox 201 795 311 868; x_wconf 89' lang='lat' dir='ltr'><strong>etiam</strong></span> <span class='ocrx_word' id='word_1_31' title='bbox 329 791 519 888; x_wconf 84' lang='lat' dir='ltr'><strong>apudnos.</strong></span> <span class='ocrx_word' id='word_1_32' title='bbox 570 787 662 866; x_wconf 87' lang='lat' dir='ltr'><strong>Cum</strong></span> <span class='ocrx_word' id='word_1_33' title='bbox 685 787 762 866; x_wconf 90' lang='lat' dir='ltr'><strong>Cel.</strong></span> <span class='ocrx_word' id='word_1_34' title='bbox 781 789 1038 870; x_wconf 84' lang='lat' dir='ltr'><em>REAUMU·</em></span> 
     </span>
     <span class='ocr_line' id='line_1_7' title="bbox 18 889 1037 988; baseline 0.006 -24"><span class='ocrx_word' id='word_1_35' title='bbox 18 889 104 966; x_wconf 81' lang='lat' dir='ltr'><strong>llus</strong></span> <span class='ocrx_word' id='word_1_36' title='bbox 123 891 332 966; x_wconf 87' lang='lat' dir='ltr'><strong>cuniculum</strong></span> <span class='ocrx_word' id='word_1_37' title='bbox 356 890 524 988; x_wconf 80' lang='lat' dir='ltr'><strong>gallinam</strong></span> <span class='ocrx_word' id='word_1_38' title='bbox 549 889 812 982; x_wconf 82' lang='lat' dir='ltr'><strong>comprimere,</strong></span> <span class='ocrx_word' id='word_1_39' title='bbox 840 905 884 964; x_wconf 93' lang='lat' dir='ltr'><strong>ut</strong></span> <span class='ocrx_word' id='word_1_40' title='bbox 907 893 1037 988; x_wconf 87' lang='lat' dir='ltr'><strong>fertur,</strong></span> 
     </span>
     <span class='ocr_line' id='line_1_8' title="bbox 14 985 1038 1086; baseline 0.007 -26"><span class='ocrx_word' id='word_1_41' title='bbox 14 989 148 1078; x_wconf 74' lang='lat' dir='ltr'><strong>permisit,</strong></span> <span class='ocrx_word' id='word_1_42' title='bbox 172 1009 249 1065; x_wconf 84' lang='lat' dir='ltr'><strong>ova</strong></span> <span class='ocrx_word' id='word_1_43' title='bbox 268 1001 506 1067; x_wconf 81' lang='lat' dir='ltr'><strong>transmutato</strong></span> <span class='ocrx_word' id='word_1_44' title='bbox 521 985 869 1083; x_wconf 82' lang='lat' dir='ltr'><strong>fueruntinpullon,</strong></span> <span class='ocrx_word' id='word_1_45' title='bbox 896 989 1038 1086; x_wconf 78' lang='lat' dir='ltr'><strong>galline</strong></span> 
     </span>
     <span class='ocr_line' id='line_1_9' title="bbox 15 1083 1039 1180; baseline 0.012 -22"><span class='ocrx_word' id='word_1_46' title='bbox 15 1085 198 1176; x_wconf 86' lang='lat' dir='ltr'><strong>inillimos,</strong></span> <span class='ocrx_word' id='word_1_47' title='bbox 239 1086 328 1160; x_wconf 87' lang='lat' dir='ltr'><strong>licet</strong></span> <span class='ocrx_word' id='word_1_48' title='bbox 354 1107 493 1180; x_wconf 85' lang='lat' dir='ltr'><strong>pennas</strong></span> <span class='ocrx_word' id='word_1_49' title='bbox 522 1102 600 1160; x_wconf 89' lang='lat' dir='ltr'><strong>non</strong></span> <span class='ocrx_word' id='word_1_50' title='bbox 629 1083 835 1177; x_wconf 78' lang='lat' dir='ltr'><strong>induerint,</strong></span> <span class='ocrx_word' id='word_1_51' title='bbox 871 1086 930 1162; x_wconf 86' lang='lat' dir='ltr'><strong>sed</strong></span> <span class='ocrx_word' id='word_1_52' title='bbox 956 1091 1039 1171; x_wconf 72' lang='lat' dir='ltr'><strong>lane</strong></span> 
     </span>
     <span class='ocr_line' id='line_1_10' title="bbox 12 1181 1038 1280; baseline 0.01 -26"><span class='ocrx_word' id='word_1_53' title='bbox 12 1187 84 1258; x_wconf 88' lang='lat' dir='ltr'><strong>nolli</strong></span> <span class='ocrx_word' id='word_1_54' title='bbox 98 1185 177 1260; x_wconf 81' lang='lat' dir='ltr'><strong>reili</strong></span> <span class='ocrx_word' id='word_1_55' title='bbox 195 1183 328 1274; x_wconf 80' lang='lat' dir='ltr'><strong>ellent3</strong></span> <span class='ocrx_word' id='word_1_56' title='bbox 354 1185 426 1260; x_wconf 88' lang='lat' dir='ltr'><strong>hoc</strong></span> <span class='ocrx_word' id='word_1_57' title='bbox 439 1181 729 1278; x_wconf 76' lang='lat' dir='ltr'><strong>experimentum</strong></span> <span class='ocrx_word' id='word_1_58' title='bbox 745 1183 817 1258; x_wconf 86' lang='lat' dir='ltr'><strong>huc</strong></span> <span class='ocrx_word' id='word_1_59' title='bbox 827 1181 949 1280; x_wconf 88' lang='lat' dir='ltr'><strong>aliquo</strong></span> <span class='ocrx_word' id='word_1_60' title='bbox 959 1209 1038 1264; x_wconf 92' lang='lat' dir='ltr'><strong>mo·</strong></span> 
     </span>
     <span class='ocr_line' id='line_1_11' title="bbox 11 1277 1037 1378; baseline 0.011 -26"><span class='ocrx_word' id='word_1_61' title='bbox 11 1279 190 1374; x_wconf 84' lang='lat' dir='ltr'><strong>doquidem</strong></span> <span class='ocrx_word' id='word_1_62' title='bbox 206 1281 353 1378; x_wconf 75' lang='lat' dir='ltr'><strong>spetlat,</strong></span> <span class='ocrx_word' id='word_1_63' title='bbox 378 1281 436 1356; x_wconf 84' lang='lat' dir='ltr'><strong>sed</strong></span> <span class='ocrx_word' id='word_1_64' title='bbox 449 1301 497 1354; x_wconf 89' lang='lat' dir='ltr'><strong>ex</strong></span> <span class='ocrx_word' id='word_1_65' title='bbox 510 1279 626 1354; x_wconf 89' lang='lat' dir='ltr'><strong>hocce</strong></span> <span class='ocrx_word' id='word_1_66' title='bbox 641 1277 753 1354; x_wconf 90' lang='lat' dir='ltr'><strong>unico</strong></span> <span class='ocrx_word' id='word_1_67' title='bbox 771 1301 847 1356; x_wconf 93' lang='lat' dir='ltr'><strong>non</strong></span> <span class='ocrx_word' id='word_1_68' title='bbox 864 1285 1037 1364; x_wconf 86' lang='lat' dir='ltr'><strong>audemus</strong></span> 
     </span>
     <span class='ocr_line' id='line_1_12' title="bbox 10 1377 1037 1466; baseline 0.01 -16"><span class='ocrx_word' id='word_1_69' title='bbox 10 1379 41 1450; x_wconf 82' lang='lat' dir='ltr'><strong>nl</strong></span> <span class='ocrx_word' id='word_1_70' title='bbox 58 1381 265 1455; x_wconf 77' lang='lat' dir='ltr'><strong>universalia</strong></span> <span class='ocrx_word' id='word_1_71' title='bbox 287 1379 524 1466; x_wconf 82' lang='lat' dir='ltr'><strong>concludere,</strong></span> <span class='ocrx_word' id='word_1_72' title='bbox 549 1377 635 1452; x_wconf 90' lang='lat' dir='ltr'><strong>inde</strong></span> <span class='ocrx_word' id='word_1_73' title='bbox 655 1377 751 1451; x_wconf 89' lang='lat' dir='ltr'><strong>enim</strong></span> <span class='ocrx_word' id='word_1_74' title='bbox 777 1379 957 1458; x_wconf 85' lang='lat' dir='ltr'><strong>horrenda</strong></span> <span class='ocrx_word' id='word_1_75' title='bbox 977 1387 1037 1460; x_wconf 86' lang='lat' dir='ltr'><strong>de·</strong></span> 
     </span>
     <span class='ocr_line' id='line_1_13' title="bbox 11 1473 1065 1570; baseline 0.009 -21"><span class='ocrx_word' id='word_1_76' title='bbox 11 1475 199 1552; x_wconf 77' lang='lat' dir='ltr'><strong>duceoentur</strong></span> <span class='ocrx_word' id='word_1_77' title='bbox 218 1478 461 1570; x_wconf 79' lang='lat' dir='ltr'><strong>conseiiaria,</strong></span> <span class='ocrx_word' id='word_1_78' title='bbox 487 1473 523 1548; x_wconf 77' lang='lat' dir='ltr'><strong>te</strong></span> <span class='ocrx_word' id='word_1_79' title='bbox 544 1475 687 1551; x_wconf 76' lang='lat' dir='ltr'><strong>occasio</strong></span> <span class='ocrx_word' id='word_1_80' title='bbox 703 1475 849 1550; x_wconf 86' lang='lat' dir='ltr'><strong>daretur</strong></span> <span class='ocrx_word' id='word_1_81' title='bbox 866 1478 1038 1558; x_wconf 83' lang='lat' dir='ltr'><strong>credendi</strong></span> <span class='ocrx_word' id='word_1_82' title='bbox 1060 1497 1065 1508; x_wconf 85' lang='grc'><strong><em>’</em></strong></span> 
     </span>
     <span class='ocr_line' id='line_1_14' title="bbox 12 1571 1039 1670; baseline 0.012 -26"><span class='ocrx_word' id='word_1_83' title='bbox 12 1571 153 1668; x_wconf 81' lang='lat' dir='ltr'><strong>Mauros,</strong></span> <span class='ocrx_word' id='word_1_84' title='bbox 177 1576 276 1652; x_wconf 90' lang='lat' dir='ltr'><strong>inter</strong></span> <span class='ocrx_word' id='word_1_85' title='bbox 291 1575 482 1666; x_wconf 79' lang='lat' dir='ltr'><strong>hominen,</strong></span> <span class='ocrx_word' id='word_1_86' title='bbox 506 1571 717 1670; x_wconf 85' lang='lat' dir='ltr'><strong>lingularem</strong></span> <span class='ocrx_word' id='word_1_87' title='bbox 732 1575 886 1670; x_wconf 84' lang='lat' dir='ltr'><strong>aliquam</strong></span> <span class='ocrx_word' id='word_1_88' title='bbox 905 1579 1039 1656; x_wconf 82' lang='lat' dir='ltr'><strong>habeta</strong></span> 
     </span>
     <span class='ocr_line' id='line_1_15' title="bbox 13 1669 918 1772; baseline 0.004 -28"><span class='ocrx_word' id='word_1_89' title='bbox 13 1673 181 1768; x_wconf 83' lang='lat' dir='ltr'><strong>originem,</strong></span> <span class='ocrx_word' id='word_1_90' title='bbox 210 1691 320 1770; x_wconf 87' lang='lat' dir='ltr'><strong>quam</strong></span> <span class='ocrx_word' id='word_1_91' title='bbox 335 1688 456 1748; x_wconf 73' lang='lat' dir='ltr'><strong>tamen</strong></span> <span class='ocrx_word' id='word_1_92' title='bbox 472 1669 529 1748; x_wconf 83' lang='lat' dir='ltr'><strong>eia</strong></span> <span class='ocrx_word' id='word_1_93' title='bbox 545 1671 706 1748; x_wconf 85' lang='lat' dir='ltr'><strong>tribuere</strong></span> <span class='ocrx_word' id='word_1_94' title='bbox 726 1691 796 1772; x_wconf 83' lang='lat' dir='ltr'><strong>ego</strong></span> <span class='ocrx_word' id='word_1_95' title='bbox 815 1677 918 1750; x_wconf 89' lang='lat' dir='ltr'><strong>nolo.</strong></span> 
     </span>
    </p>
   </div>
   <div class='ocr_carea' id='block_1_3' title="bbox 9 1837 1128 2429">
    <p class='ocr_par' dir='ltr' id='par_1_3' title="bbox 9 1837 1128 2429">
     <span class='ocr_line' id='line_1_16' title="bbox 78 1837 1038 1940; baseline 0.006 -26"><span class='ocrx_word' id='word_1_96' title='bbox 78 1839 118 1918; x_wconf 88' lang='lat' dir='ltr'><strong>In</strong></span> <span class='ocrx_word' id='word_1_97' title='bbox 135 1843 255 1939; x_wconf 87' lang='lat' dir='ltr'><strong>patria</strong></span> <span class='ocrx_word' id='word_1_98' title='bbox 277 1843 401 1925; x_wconf 76' lang='lat' dir='ltr'><strong>nostra</strong></span> <span class='ocrx_word' id='word_1_99' title='bbox 418 1845 528 1928; x_wconf 82' lang='lat' dir='ltr'><strong>arbor</strong></span> <span class='ocrx_word' id='word_1_100' title='bbox 546 1840 729 1940; x_wconf 79' lang='lat' dir='ltr'><strong>quedam,</strong></span> <span class='ocrx_word' id='word_1_101' title='bbox 753 1837 843 1918; x_wconf 86' lang='lat' dir='ltr'><strong>licet</strong></span> <span class='ocrx_word' id='word_1_102' title='bbox 856 1841 1038 1936; x_wconf 77' lang='lat' dir='ltr'><strong>tortitiae,</strong></span> 
     </span>
     <span class='ocr_line' id='line_1_17' title="bbox 9 1933 1041 2038; baseline 0.002 -28"><span class='ocrx_word' id='word_1_103' title='bbox 9 1933 206 2034; x_wconf 79' lang='lat' dir='ltr'><strong>omunit¹),</strong></span> <span class='ocrx_word' id='word_1_104' title='bbox 233 1963 311 2036; x_wconf 76' lang='lat' dir='ltr'><strong>que</strong></span> <span class='ocrx_word' id='word_1_105' title='bbox 335 1941 388 2018; x_wconf 88' lang='lat' dir='ltr'><strong>est</strong></span> <span class='ocrx_word' id='word_1_106' title='bbox 412 1943 507 2037; x_wconf 83' lang='lat' dir='ltr'><strong>quau</strong></span> <span class='ocrx_word' id='word_1_107' title='bbox 525 1941 686 2022; x_wconf 78' lang='lat' dir='ltr'><strong>medium</strong></span> <span class='ocrx_word' id='word_1_108' title='bbox 711 1939 808 2016; x_wconf 88' lang='lat' dir='ltr'><strong>inter</strong></span> <span class='ocrx_word' id='word_1_109' title='bbox 824 1940 954 2018; x_wconf 89' lang='lat' dir='ltr'><strong>Pinum</strong></span> <span class='ocrx_word' id='word_1_110' title='bbox 972 1943 1041 2038; x_wconf 74' lang='lat' dir='ltr'><strong>syl·</strong></span> 
     </span>
     <span class='ocr_line' id='line_1_18' title="bbox 10 2035 1040 2134; baseline 0.009 -27"><span class='ocrx_word' id='word_1_111' title='bbox 10 2035 135 2113; x_wconf 80' lang='lat' dir='ltr'><strong>velitem</strong></span> <span class='ocrx_word' id='word_1_112' title='bbox 153 2039 337 2116; x_wconf 87' lang='lat' dir='ltr'><strong>&amp;Pinum</strong></span> <span class='ocrx_word' id='word_1_113' title='bbox 359 2040 538 2134; x_wconf 83' lang='lat' dir='ltr'><strong>abietem,</strong></span> <span class='ocrx_word' id='word_1_114' title='bbox 564 2053 607 2117; x_wconf 89' lang='lat' dir='ltr'><strong>ut</strong></span> <span class='ocrx_word' id='word_1_115' title='bbox 620 2057 731 2125; x_wconf 84' lang='lat' dir='ltr'><strong>uerno</strong></span> <span class='ocrx_word' id='word_1_116' title='bbox 757 2037 834 2114; x_wconf 85' lang='lat' dir='ltr'><strong>fere</strong></span> <span class='ocrx_word' id='word_1_117' title='bbox 854 2037 961 2134; x_wconf 84' lang='lat' dir='ltr'><strong>poffit</strong></span> <span class='ocrx_word' id='word_1_118' title='bbox 979 2042 1040 2116; x_wconf 88' lang='lat' dir='ltr'><strong>de·</strong></span> 
     </span>
     <span class='ocr_line' id='line_1_19' title="bbox 10 2134 1041 2232; baseline 0.006 -26"><span class='ocrx_word' id='word_1_119' title='bbox 10 2137 189 2228; x_wconf 82' lang='lat' dir='ltr'><strong>terminare,</strong></span> <span class='ocrx_word' id='word_1_120' title='bbox 213 2154 379 2232; x_wconf 79' lang='lat' dir='ltr'><strong>quenatn</strong></span> <span class='ocrx_word' id='word_1_121' title='bbox 393 2137 531 2232; x_wconf 81' lang='lat' dir='ltr'><strong>species</strong></span> <span class='ocrx_word' id='word_1_122' title='bbox 547 2159 594 2214; x_wconf 86' lang='lat' dir='ltr'><strong>err</strong></span> <span class='ocrx_word' id='word_1_123' title='bbox 608 2134 786 2225; x_wconf 66' lang='lat' dir='ltr'><strong>uiscera,</strong></span> <span class='ocrx_word' id='word_1_124' title='bbox 817 2135 928 2220; x_wconf 85' lang='lat' dir='ltr'><strong>habet</strong></span> <span class='ocrx_word' id='word_1_125' title='bbox 942 2139 1041 2228; x_wconf 87' lang='lat' dir='ltr'><strong>enim</strong></span> 
     </span>
     <span class='ocr_line' id='line_1_20' title="bbox 10 2235 1128 2332; baseline 0.006 -26"><span class='ocrx_word' id='word_1_126' title='bbox 10 2237 248 2332; x_wconf 75' lang='lat' dir='ltr'><strong>ranoslongos</strong></span> <span class='ocrx_word' id='word_1_127' title='bbox 268 2237 322 2315; x_wconf 88' lang='lat' dir='ltr'><strong>uti</strong></span> <span class='ocrx_word' id='word_1_128' title='bbox 340 2235 469 2330; x_wconf 80' lang='lat' dir='ltr'><strong>irrues,</strong></span> <span class='ocrx_word' id='word_1_129' title='bbox 495 2240 629 2315; x_wconf 75' lang='lat' dir='ltr'><strong>&amp;tota</strong></span> <span class='ocrx_word' id='word_1_130' title='bbox 654 2235 780 2327; x_wconf 84' lang='lat' dir='ltr'><strong>planta</strong></span> <span class='ocrx_word' id='word_1_131' title='bbox 806 2247 944 2312; x_wconf 81' lang='lat' dir='ltr'><strong>mutate</strong></span> <span class='ocrx_word' id='word_1_132' title='bbox 969 2235 1040 2318; x_wconf 84' lang='lat' dir='ltr'><strong>estr</strong></span> <span class='ocrx_word' id='word_1_133' title='bbox 1120 2280 1128 2298; x_wconf 88' lang='lat'><strong>·</strong></span> 
     </span>
     <span class='ocr_line' id='line_1_21' title="bbox 11 2323 1042 2429; baseline 0.004 -24"><span class='ocrx_word' id='word_1_134' title='bbox 11 2323 295 2429; x_wconf 81' lang='lat' dir='ltr'><strong>Metamorphosrn</strong></span> <span class='ocrx_word' id='word_1_135' title='bbox 312 2355 389 2411; x_wconf 91' lang='lat' dir='ltr'><strong>non</strong></span> <span class='ocrx_word' id='word_1_136' title='bbox 408 2337 523 2425; x_wconf 78' lang='lat' dir='ltr'><strong>sulit,</strong></span> <span class='ocrx_word' id='word_1_137' title='bbox 548 2336 611 2412; x_wconf 85' lang='lat' dir='ltr'><strong>vel</strong></span> <span class='ocrx_word' id='word_1_138' title='bbox 632 2331 838 2426; x_wconf 73' lang='lat' dir='ltr'><strong>aprunos,</strong></span> <span class='ocrx_word' id='word_1_139' title='bbox 867 2346 1042 2425; x_wconf 85' lang='lat' dir='ltr'><strong>quantum</strong></span> 
     </span>
    </p>
   </div>
   <div class='ocr_carea' id='block_1_4' title="bbox 11 2426 1202 2625">
    <p class='ocr_par' dir='ltr' id='par_1_4' title="bbox 11 2426 1202 2625">
     <span class='ocr_line' id='line_1_22' title="bbox 11 2426 1202 2534; baseline 0.003 -32"><span class='ocrx_word' id='word_1_140' title='bbox 11 2426 349 2520; x_wconf 67' lang='lat' dir='ltr'><strong>adnumeremur,</strong></span> <span class='ocrx_word' id='word_1_141' title='bbox 383 2453 539 2528; x_wconf 88' lang='lat' dir='ltr'><strong>unquam</strong></span> <span class='ocrx_word' id='word_1_142' title='bbox 566 2431 720 2508; x_wconf 67' lang='lat' dir='ltr'><strong>frocum</strong></span> <span class='ocrx_word' id='word_1_143' title='bbox 743 2430 850 2517; x_wconf 72' lang='lat' dir='ltr'><strong>tulitr</strong></span> <span class='ocrx_word' id='word_1_144' title='bbox 884 2429 1042 2506; x_wconf 85' lang='lat' dir='ltr'><strong>&amp;vide-</strong></span> <span class='ocrx_word' id='word_1_145' title='bbox 1183 2480 1202 2534; x_wconf 32' lang='grc' dir='ltr'>ζ</span> 
     </span>
     <span class='ocr_line' id='line_1_23' title="bbox 11 2525 1043 2625; baseline 0.008 -27"><span class='ocrx_word' id='word_1_146' title='bbox 11 2535 53 2598; x_wconf 84' lang='lat' dir='ltr'><strong>tur</strong></span> <span class='ocrx_word' id='word_1_147' title='bbox 69 2549 145 2609; x_wconf 86' lang='lat' dir='ltr'><strong>cum</strong></span> <span class='ocrx_word' id='word_1_148' title='bbox 169 2527 417 2625; x_wconf 80' lang='lat' dir='ltr'><strong>descriptione</strong></span> <span class='ocrx_word' id='word_1_149' title='bbox 433 2531 518 2613; x_wconf 76' lang='lat' dir='ltr'><strong>Piri</strong></span> <span class='ocrx_word' id='word_1_150' title='bbox 543 2531 653 2624; x_wconf 75' lang='lat' dir='ltr'><strong>Margo</strong></span> <span class='ocrx_word' id='word_1_151' title='bbox 675 2527 800 2618; x_wconf 73' lang='lat' dir='ltr'><strong>dine,</strong></span> <span class='ocrx_word' id='word_1_152' title='bbox 832 2527 872 2604; x_wconf 92' lang='lat' dir='ltr'><strong>in</strong></span> <span class='ocrx_word' id='word_1_153' title='bbox 893 2525 1043 2615; x_wconf 77' lang='lat' dir='ltr'><strong>ltaliae</strong></span> 
     </span>
    </p>
   </div>
   <div class='ocr_carea' id='block_1_5' title="bbox 9 2619 1042 2902">
    <p class='ocr_par' dir='ltr' id='par_1_5' title="bbox 9 2619 1042 2902">
     <span class='ocr_line' id='line_1_24' title="bbox 10 2619 1042 2728; baseline 0.014 -33"><span class='ocrx_word' id='word_1_154' title='bbox 10 2619 163 2703; x_wconf 75' lang='lat' dir='ltr'><strong>berenicis</strong></span> <span class='ocrx_word' id='word_1_155' title='bbox 177 2625 292 2716; x_wconf 77' lang='lat' dir='ltr'><strong>seila,</strong></span> <span class='ocrx_word' id='word_1_156' title='bbox 315 2622 542 2706; x_wconf 76' lang='lat' dir='ltr'><strong>co&#39;nve&#39;nite.¹</strong></span> <span class='ocrx_word' id='word_1_157' title='bbox 582 2629 620 2704; x_wconf 85' lang='lat' dir='ltr'><strong>si</strong></span> <span class='ocrx_word' id='word_1_158' title='bbox 637 2649 685 2702; x_wconf 86' lang='lat' dir='ltr'><strong>ex</strong></span> <span class='ocrx_word' id='word_1_159' title='bbox 698 2627 964 2728; x_wconf 82' lang='lat' dir='ltr'><strong>commixtione</strong></span> <span class='ocrx_word' id='word_1_160' title='bbox 978 2629 1042 2709; x_wconf 83' lang='lat' dir='ltr'><strong>ni·</strong></span> 
     </span>
     <span class='ocr_line' id='line_1_25' title="bbox 9 2725 1041 2820; baseline 0.008 -26"><span class='ocrx_word' id='word_1_161' title='bbox 9 2725 165 2810; x_wconf 80' lang='lat' dir='ltr'><strong>quainter</strong></span> <span class='ocrx_word' id='word_1_162' title='bbox 187 2725 317 2802; x_wconf 87' lang='lat' dir='ltr'><strong>Pinum</strong></span> <span class='ocrx_word' id='word_1_163' title='bbox 338 2725 558 2806; x_wconf 83' lang='lat' dir='ltr'><strong>&amp;Abietem</strong></span> <span class='ocrx_word' id='word_1_164' title='bbox 578 2730 655 2804; x_wconf 82' lang='lat' dir='ltr'><strong>hec</strong></span> <span class='ocrx_word' id='word_1_165' title='bbox 676 2747 753 2805; x_wconf 86' lang='lat' dir='ltr'><strong>non</strong></span> <span class='ocrx_word' id='word_1_166' title='bbox 778 2728 974 2820; x_wconf 89' lang='lat' dir='ltr'><strong>provenit,</strong></span> <span class='ocrx_word' id='word_1_167' title='bbox 1000 2748 1041 2802; x_wconf 89' lang='lat' dir='ltr'><strong>o·</strong></span> 
     </span>
     <span class='ocr_line' id='line_1_26' title="bbox 10 2823 324 2902; baseline 0.038 -12"><span class='ocrx_word' id='word_1_168' title='bbox 10 2823 162 2900; x_wconf 85' lang='lat' dir='ltr'><strong>nolanos</strong></span> <span class='ocrx_word' id='word_1_169' title='bbox 179 2823 324 2902; x_wconf 77' lang='lat' dir='ltr'><strong>fallunt.</strong></span> 
     </span>
    </p>
   </div>
   <div class='ocr_carea' id='block_1_6' title="bbox 10 2943 1044 3772">
    <p class='ocr_par' dir='ltr' id='par_1_6' title="bbox 10 2943 1044 3772">
     <span class='ocr_line' id='line_1_27' title="bbox 82 2943 1042 3092; baseline 0.003 -27"><span class='ocrx_word' id='word_1_170' title='bbox 82 2989 299 3068; x_wconf 83' lang='lat' dir='ltr'><strong>LPCHNIS</strong></span> <span class='ocrx_word' id='word_1_171' title='bbox 317 2995 465 3092; x_wconf 80' lang='lat' dir='ltr'><strong>opererio,</strong></span> <span class='ocrx_word' id='word_1_172' title='bbox 492 2995 528 3068; x_wconf 93' lang='lat' dir='ltr'><strong>in</strong></span> <span class='ocrx_word' id='word_1_173' title='bbox 546 2943 974 3090; x_wconf 55' lang='lat' dir='ltr'><strong>Alpiburffiapponicis,</strong></span> <span class='ocrx_word' id='word_1_174' title='bbox 999 2995 1042 3068; x_wconf 90' lang='lat' dir='ltr'><strong>li·</strong></span> 
     </span>
     <span class='ocr_line' id='line_1_28' title="bbox 11 3088 1039 3188; baseline 0.01 -30"><span class='ocrx_word' id='word_1_175' title='bbox 11 3101 53 3160; x_wconf 83' lang='lat' dir='ltr'><strong>cet</strong></span> <span class='ocrx_word' id='word_1_176' title='bbox 79 3089 168 3166; x_wconf 86' lang='lat' dir='ltr'><strong>inter</strong></span> <span class='ocrx_word' id='word_1_177' title='bbox 196 3091 396 3188; x_wconf 70' lang='lat' dir='ltr'><strong>Lychnidum</strong></span> <span class='ocrx_word' id='word_1_178' title='bbox 423 3099 557 3169; x_wconf 79' lang='lat' dir='ltr'><strong>diuitem</strong></span> <span class='ocrx_word' id='word_1_179' title='bbox 585 3089 741 3178; x_wconf 87' lang='lat' dir='ltr'><strong>crescat,</strong></span> <span class='ocrx_word' id='word_1_180' title='bbox 780 3089 949 3168; x_wconf 81' lang='lat' dir='ltr'><strong>constans</strong></span> <span class='ocrx_word' id='word_1_181' title='bbox 976 3088 1039 3168; x_wconf 89' lang='lat' dir='ltr'><strong>est.</strong></span> 
     </span>
     <span class='ocr_line' id='line_1_29' title="bbox 10 3183 1042 3286; baseline 0.001 -19"><span class='ocrx_word' id='word_1_182' title='bbox 10 3183 80 3267; x_wconf 73' lang='lat' dir='ltr'><strong>lun</strong></span> <span class='ocrx_word' id='word_1_183' title='bbox 99 3189 172 3264; x_wconf 82' lang='lat' dir='ltr'><strong>hac</strong></span> <span class='ocrx_word' id='word_1_184' title='bbox 190 3189 299 3262; x_wconf 88' lang='lat' dir='ltr'><strong>etiam</strong></span> <span class='ocrx_word' id='word_1_185' title='bbox 326 3195 364 3266; x_wconf 88' lang='lat' dir='ltr'><strong>in</strong></span> <span class='ocrx_word' id='word_1_186' title='bbox 384 3191 503 3264; x_wconf 87' lang='lat' dir='ltr'><strong>hortis</strong></span> <span class='ocrx_word' id='word_1_187' title='bbox 520 3192 724 3286; x_wconf 85' lang='lat' dir='ltr'><strong>plantetur,</strong></span> <span class='ocrx_word' id='word_1_188' title='bbox 749 3209 852 3280; x_wconf 80' lang='lat' dir='ltr'><strong>eque</strong></span> <span class='ocrx_word' id='word_1_189' title='bbox 872 3187 1042 3268; x_wconf 83' lang='lat' dir='ltr'><strong>constans</strong></span> 
     </span>
     <span class='ocr_line' id='line_1_30' title="bbox 10 3283 1042 3381; baseline 0.014 -29"><span class='ocrx_word' id='word_1_190' title='bbox 10 3283 66 3371; x_wconf 85' lang='lat' dir='ltr'><strong>est,</strong></span> <span class='ocrx_word' id='word_1_191' title='bbox 87 3309 125 3360; x_wconf 91' lang='lat' dir='ltr'><strong>ac</strong></span> <span class='ocrx_word' id='word_1_192' title='bbox 153 3285 192 3362; x_wconf 92' lang='lat' dir='ltr'><strong>in</strong></span> <span class='ocrx_word' id='word_1_193' title='bbox 210 3287 364 3380; x_wconf 85' lang='lat' dir='ltr'><strong>alpibus.</strong></span> <span class='ocrx_word' id='word_1_194' title='bbox 408 3287 531 3362; x_wconf 84' lang='lat' dir='ltr'><strong>Facile</strong></span> <span class='ocrx_word' id='word_1_195' title='bbox 555 3285 789 3381; x_wconf 83' lang='lat' dir='ltr'><strong>perspicimus</strong></span> <span class='ocrx_word' id='word_1_196' title='bbox 811 3285 906 3360; x_wconf 86' lang='lat' dir='ltr'><strong>hanc</strong></span> <span class='ocrx_word' id='word_1_197' title='bbox 930 3287 1042 3366; x_wconf 90' lang='lat' dir='ltr'><strong>hodie</strong></span> 
     </span>
     <span class='ocr_line' id='line_1_31' title="bbox 10 3377 1044 3480; baseline 0.013 -32"><span class='ocrx_word' id='word_1_198' title='bbox 10 3377 1044 3480; x_wconf 79' lang='lat' dir='ltr'><strong>distiniiamelleplantam3‘quodautemexLychnidediu·</strong></span> 
     </span>
     <span class='ocr_line' id='line_1_32' title="bbox 13 3475 1042 3656; baseline 0.01 -108"><span class='ocrx_word' id='word_1_199' title='bbox 13 3475 209 3646; x_wconf 52' lang='grc' dir='ltr'><strong>ἓιὶρήιῃυφ</strong></span> <span class='ocrx_word' id='word_1_200' title='bbox 230 3498 315 3651; x_wconf 53' lang='lat' dir='ltr'><strong>ort}</strong></span> <span class='ocrx_word' id='word_1_201' title='bbox 329 3482 391 3597; x_wconf 74' lang='lat' dir='ltr'><strong>sit,</strong></span> <span class='ocrx_word' id='word_1_202' title='bbox 415 3499 487 3598; x_wconf 72' lang='lat' dir='ltr'><strong>tarn</strong></span> <span class='ocrx_word' id='word_1_203' title='bbox 503 3481 748 3654; x_wconf 47' lang='grc' dir='ltr'><strong>ἰῃάυξῇὲἳῐςέιω</strong></span> <span class='ocrx_word' id='word_1_204' title='bbox 771 3479 1042 3656; x_wconf 43' lang='grc' dir='ltr'><strong>ητιίἓίεινζάεέπ,</strong></span> 
     </span>
     <span class='ocr_line' id='line_1_33' title="bbox 15 3600 1041 3772; baseline 0.014 -32"><span class='ocrx_word' id='word_1_205' title='bbox 15 3601 210 3772; x_wconf 54' lang='lat' dir='ltr'><strong>nillil?</strong></span> <span class='ocrx_word' id='word_1_206' title='bbox 228 3601 629 3767; x_wconf 50' lang='lat' dir='ltr'><strong>familiaria:</strong></span> <span class='ocrx_word' id='word_1_207' title='bbox 648 3600 837 3754; x_wconf 58' lang='lat' dir='ltr'><strong>liiiio„</strong></span> <span class='ocrx_word' id='word_1_208' title='bbox 857 3601 1041 3757; x_wconf 56' lang='lat' dir='ltr'><strong>sisinii:</strong></span> 
     </span>
    </p>
   </div>
   <div class='ocr_carea' id='block_1_7' title="bbox 0 0 1302 4770">
    <p class='ocr_par' dir='ltr' id='par_1_7' title="bbox 0 0 1302 4770">
     <span class='ocr_line' id='line_1_34' title="bbox 0 0 1302 4770; baseline 0 0"><span class='ocrx_word' id='word_1_209' title='bbox 0 0 1302 4770; x_wconf 95' lang='lat' dir='ltr'><strong> </strong></span> 
     </span>
    </p>
   </div>
  </div>
 </body>
</html>
