2556 4742
265 244 335 321 192
571 209 679 294 MUS
703 218 1008 297 PORCELLUS.
1053 299 1060 314 ,

333 395 508 496 RAJUS,
535 396 677 495 Angliae
698 399 786 473 iilud
807 400 939 492 decus,
965 403 1059 476 hanc
1075 403 1181 476 etiam
1194 407 1272 478 vend

262 497 405 576 landam
429 496 566 585 sumsit,
602 518 727 570 verum
756 501 852 572 enim
875 521 989 590 vero,
1019 502 1182 574 inanibus
1199 503 1272 596 palei

239 648 241 662 ·
264 595 455 692 dissipatis,
479 616 604 688 parum
622 595 753 692 integri
775 595 950 688 solidique
969 598 1145 672 remansrt.

342 717 557 808 Hodieque,
599 716 807 808 quicunque
839 717 932 791 hanc
968 715 1150 792 scientiam
1180 741 1272 814 propt

132 859 139 870 ,
263 813 572 904 nuntAudores,
602 814 712 886 variis
730 814 764 885 ei
789 835 831 886 ac
854 816 1063 908 conquisitis
1076 818 1232 910 undique
1243 839 1272 888 va

264 929 383 990 terum
399 912 530 985 sabulis
550 926 717 984 ornatum
739 913 921 984 concliare
938 910 1104 1011 student,
1137 917 1222 990 unde
1235 929 1272 988 tar

264 1011 406 1087 reddita
423 1008 476 1082 est
492 1009 669 1081 dosormis
692 1023 801 1102 atque
819 1009 953 1098 invisa,
980 1025 1023 1085 ut
1039 1013 1170 1086 eruditi
1186 1015 1236 1086 vel
1252 1014 1272 1106 ip

264 1111 341 1185 sum
360 1107 549 1202 Zoologiae
570 1127 706 1181 nomen
728 1105 945 1182 aversentur.
995 1108 1063 1182 Ast
1089 1133 1169 1183 cum
1193 1112 1272 1204 dege

265 1207 548 1293 nerehumano,
576 1219 714 1278 ceteras
733 1203 890 1278 historiae
909 1209 1082 1280 naturalis
1099 1207 1272 1281 absoluendi

266 1319 409 1403 partes,
433 1304 625 1395 plurimum
638 1301 787 1376 meritus
801 1303 842 1375 srt
857 1301 895 1374 N
899 1305 959 1376 ob.
975 1305 1050 1379 Dn.
1071 1305 1215 1396 Praeses,
1233 1323 1272 1376 tn

268 1405 313 1478 de
339 1400 520 1494 discipulis
542 1399 612 1474 suis
640 1402 842 1494 precipue,
875 1404 1005 1494 quibus
1030 1404 1125 1477 hanc
1148 1403 1272 1497 privatin

266 1501 416 1575 tradidit
429 1496 626 1585 historiam,
649 1519 717 1590 qua
730 1498 933 1572 auditorum
944 1500 1036 1574 adeo
1051 1503 1151 1595 cepit
1166 1504 1272 1576 aniuur

268 1616 311 1674 ut
338 1596 474 1672 nemini
502 1595 765 1689 displiciturum
794 1595 994 1686 confidam,
1034 1601 1133 1690 quod
1162 1615 1272 1690 carptae

267 1699 362 1771 hanc
394 1715 441 1767 ex
474 1694 626 1789 legentis
662 1715 728 1766 ore
759 1693 928 1770 Historia
961 1699 1134 1770 naturalis
1166 1701 1272 1792 partim

268 1797 340 1868 iam
375 1793 566 1887 elegerim,
608 1789 791 1887 specimen
828 1793 1045 1868 eruditionis
1078 1795 1272 1870 academicur

268 1893 442 1968 editurus.

342 2009 628 2086 Observationes
637 2010 1023 2106 nuperrimeinstitutae
1037 2015 1220 2097 evincunt,
1232 2011 1272 2102 poi

271 2110 449 2203 sentique
471 2108 505 2182 ἃ
532 2109 664 2182 debere
686 2110 779 2183 hanc
797 2109 980 2186 scientiam
1001 2114 1072 2186 alia
1089 2109 1222 2207 prorsus
1237 2115 1272 2182 nt

270 2209 402 2301 rhodo,
427 2228 500 2300 quo
519 2207 692 2298 nitorem,
721 2230 825 2302 quem
847 2211 985 2282 insitum
1007 2211 1130 2298 habet,
1156 2207 1272 2282 &honr

269 2331 362 2399 rem,
389 2329 493 2401 quem
509 2320 681 2394 meretur,
707 2305 813 2379 etiam
831 2305 1043 2400 adeuntem,
1065 2304 1227 2403 proponi.
1246 2299 1272 2391 Si

195 2450 197 2457 .
271 2433 306 2486 e.
338 2429 371 2504 g.
404 2405 609 2478 delineatur.
636 2401 688 2476 est
730 2403 889 2477 URSUS
930 2405 1048 2480 Lotor
1079 2407 1159 2482 Ae.
1195 2401 1271 2477 surr

225 2669 228 2675 .
270 2499 1188 2698 {sissimadieiiinrszdiffiLgirmiissdtckiisrssffbdccl.⁷40·
1228 2493 1270 2568 CA

342 2737 570 2816 Incrementa
601 2735 772 2809 Historiae
799 2738 972 2811 naturalis
1008 2737 1179 2811 debemus
1207 2723 1271 2808 mad

272 2858 366 2916 mam
388 2848 526 2929 partem
548 2833 728 2924 Medicis,
760 2834 844 2926 qui,
870 2836 967 2927 quod
993 2837 1146 2928 piurima
1169 2829 1271 2909 media

273 2948 397 3012 menta
431 2931 631 3028 suppeditat
664 2933 1074 3028 regnumvcgetabile,
1121 2928 1271 3006 Botanicu

272 3033 454 3130 precipue
477 3032 681 3104 coluerunt.
733 3029 798 3103 Ast
823 3051 904 3104 cum
922 3031 1095 3124 pauciora
1114 3033 1215 3126 longe
1234 3021 1271 3096 sui

221 3193 226 3205 s
273 3126 451 3208 ministret
466 3147 614 3224 regnum
640 3128 816 3218 animale,
843 3128 1013 3202 illistron
1041 3128 1092 3202 est
1119 3119 1271 3202 succenset

274 3231 381 3318 dum,
405 3227 516 3300 srhoc
533 3225 704 3299 curiosius
721 3224 867 3299 lustrare
885 3227 1060 3321 tantisper
1083 3219 1267 3322 neglerem

273 3327 408 3418 Eateor
416 3323 595 3418 equidem,
611 3323 716 3416 hujus
726 3323 895 3396 notitiam
911 3347 987 3397 non
1002 3324 1114 3420 magis
1128 3317 1270 3424 adsedit<

276 3447 381 3519 quam
405 3423 449 3496 ab
475 3421 554 3495 aliis
579 3422 672 3516 exigi
699 3420 819 3514 posse,
846 3435 1004 3496 attamen
1027 3422 1163 3497 insrmul
1188 3413 1270 3492 medr

274 3521 443 3618 indagine
460 3519 729 3612 hancinprimis
747 3519 890 3613 dignam
912 3519 981 3593 effe
998 3542 1135 3614 rugen,
1163 3535 1232 3594 cum
1247 3527 1270 3580 at

273 3621 344 3696 sam
363 3619 540 3712 prebeat,
569 3617 725 3690 animum
746 3616 1006 3691 adsuefaciendi
1025 3619 1068 3690 ad
1090 3607 1270 3691 institucndr

275 3711 561 3792 observationes.
594 3713 647 3787 ¹ls
670 3714 765 3788 enim
780 3714 891 3787 dubio
908 3719 1036 3810 procul
1059 3717 1094 3788 in
1116 3711 1270 3788 medicari

263 3832 314 3890 *te
338 3813 478 3911 egregia
502 3811 703 3904 prestabit,
726 3813 786 3905 qui
797 3814 924 3886 mbvia
944 3814 1080 3906 quaevis
1100 3803 1270 3886 attentiffln

277 3915 470 3992 observare
488 3909 667 3984 didicerit.
708 3911 820 4012 Quod
834 3911 861 3987 fi
875 3911 1186 4009 perpenderimus,
1209 3915 1270 4068 Ἦ
