2606 4748
202 243 278 353 '246
315 251 600 334 CHINENSIA
622 251 1165 334 LAGERSTROEMIANA.

229 437 405 526 Rubrum
440 437 634 532 pallidum,
666 435 950 529 meliusculum,
985 436 1107 512 minus
1150 449 1291 514 nmen

251 557 357 630 quarn
378 537 413 611 in
433 537 584 626 Loxiis3
607 537 761 609 Maxilla
777 535 930 610 inferior
947 535 991 609 ad
1007 537 1122 609 latera
1143 535 1289 610 baseos

248 635 358 708 valde
378 633 508 732 gibba3
531 636 677 709 maxilla
697 631 862 728 superior
877 633 948 707 bair
970 633 1147 707 nonnihil
1174 656 1288 707 com·

248 731 387 826 prelia,
413 735 547 828 angulo
566 747 677 806 acuto
696 732 807 824 capiti
827 730 968 804 inserta.
1009 733 1122 805 Nares
1143 732 1287 807 subro-

251 831 396 920 tunde,
421 853 441 904 a
467 849 568 922 parte
591 831 729 924 postica
754 831 920 903 maxillae.
970 827 1120 925 Vibrr‘ffoe
1142 833 1281 925 nigre·

251 929 345 1002 Color
377 929 546 1022 corporis
576 928 679 1020 supra
709 929 745 1001 in
777 925 929 1020 eapite,
956 925 1091 1015 Colle,
1125 929 1281 1022 Dorso,

250 1023 333 1098 Alis
361 1025 517 1122 griseus,
544 1048 625 1100 cum
649 1027 952 1100 interlucentibus
974 1027 1060 1101 binc
1085 1027 1182 1100 inde
1201 1027 1281 1101 sub·

91 1207 100 1228 κ
249 1123 562 1197 cerulescentibus
582 1125 733 1218 pennis;
759 1137 800 1197 ut
814 1125 902 1196 mihi
921 1125 1066 1198 dubium
1087 1125 1151 1216 fit,
1171 1149 1277 1200 nimr-

245 1240 298 1297 ηε
324 1224 430 1296 color
460 1221 592 1318 griseus
623 1235 783 1297 mutetur
817 1223 854 1296 in
882 1225 1087 1300 ceruleum.
1150 1224 1271 1318 Caput

247 1318 293 1393 ad
312 1342 437 1411 aures,
465 1320 584 1410 Gula,
608 1319 735 1394 Peitus
758 1320 964 1393 &Flexum
984 1323 1122 1396 alarum
1151 1325 1268 1398 virib-

244 1423 411 1590 fiaerrrfln?
448 1418 618 1494 Abdomen
644 1419 787 1512 album,
819 1417 952 1492 tellum
973 1420 1109 1513 pennis
1137 1421 1190 1495 ad
1215 1423 1270 1495 ba·

272 1536 295 1589 n
341 1537 443 1588 ucis.

247 1629 384 1709 Femoro
399 1630 532 1730 grisea,
553 1653 636 1708 cum
652 1627 773 1726 sparsis
791 1631 921 1727 pennis
935 1632 1276 1709 cerulescentr'bus.

243 1750 397 1843 Remiges
423 1748 542 1842 fuscae,
566 1771 693 1823 omnes
721 1751 882 1844 margine
905 1750 1075 1824 tenuiore
1101 1751 1278 1826 albican-

243 1858 324 1937 tes,
350 1848 406 1922 sed
437 1849 614 1943 primores
642 1849 804 1942 margine
834 1847 1010 1923 exteriori
1040 1847 1276 1939 tenuiffimo,

245 1943 280 2018 bs
298 1947 363 2020 vix
387 1945 574 2022 manifeste
592 1944 874 2020 caerulescentes.

245 2067 349 2148 Pedes
370 2069 516 2163 pallidi,
541 2068 663 2170 digitis
680 2067 936 2166 longiuscule,
960 2069 1177 2148 lateralibus
1200 2093 1272 2170 po-

243 2161 337 2242 stico
364 2166 540 2245 crailiore.

525 2411 807 2490 classis
857 2411 967 2542 lv..

529 2653 533 2661 .
584 2559 858 2663 PISCES.

197 2785 255 2843 21.
288 2757 507 2844 LOPHIUS
545 2765 729 2868 (Histrio)
765 2771 876 2864 pinnis
917 2765 1096 2864 dorsalibus
1134 2772 1261 2846 trihus.

194 2933 197 2941 ,
294 2867 390 2966 Mus.
418 2891 484 2962 reg.
500 2874 558 2959 56.
599 2870 645 2942 It.
673 2871 897 2964 Wgstlr.137.
930 2877 1002 2960 bg.
1029 2863 1100 2950 fir.

245 2989 371 3082 Corpus
399 2985 575 3075 lividum,
598 2985 731 3079 pitlum
761 2982 910 3058 maculis
936 2983 1009 3058 srve
1039 2981 1263 3060 charasteri·

241 3084 310 3157 bus
333 3083 423 3157 albis
450 3079 650 3178 sulcisque,
675 3105 752 3160 non
777 3082 890 3156 modo
918 3080 962 3154 ad
978 3081 1111 3171 latera,
1134 3081 1198 3158 sed
1225 3085 1264 3158 bt

241 3177 281 3253 in
310 3181 390 3274 ipsrs
413 3178 546 3276 pinnis.

240 3271 358 3354 Pinna
380 3275 481 3372 supra
506 3293 615 3371 caput
633 3277 779 3370 mollis,
796 3273 980 3368 subulam,
1002 3275 1137 3352 &ante
1158 3278 1261 3371 banc

240 3376 389 3471 pinnam
408 3375 481 3451 seta
498 3397 630 3471 parva,
658 3398 741 3450 cum
759 3388 924 3450 ramento
946 3376 1140 3450 terminali.
1242 3457 1248 3464 ¹

241 3496 354 3572 Pinna
372 3487 669 3590 suprapetloralis
693 3493 836 3584 mollis,
860 3492 973 3567 unico
991 3493 1108 3569 radio.

245 3613 354 3690 Pinna
373 3612 527 3709 Dorsalis
555 3611 703 3705 proprie
730 3612 777 3684 fic
800 3609 891 3682 ditia
913 3607 1022 3682 radiis
1038 3605 1108 3682 XII
1129 3609 1253 3683 molli·

239 3712 328 3805 bus,
356 3727 510 3807 quorum
530 3705 604 3781 duo
625 3707 844 3803 posteriores
865 3705 980 3782 bifidi.

239 3829 355 3903 Pinna
389 3825 591 3910 Praeterita,
635 3847 733 3917 pone
773 3826 977 3914 ventrales,
1010 3823 1161 3896 brachio
1193 3823 1250 3898 in·

237 3923 397 4020 strutlae,
417 3923 526 4001 radiis
540 3919 595 4014 X,
616 3922 727 4016 pedes
751 3923 930 4016 palmatos
954 3921 1209 4094 referentes}

1147 4043 1154 4107 i
1195 4046 1241 4095 rn-
